@ARTICLE{ullmann_01,
author = {Ullmann, F. and Bielecki, Jean},
title = {{Ueber Synthesen in Der Biphenylreihe}},
journal = {Ber. Dtsch. Chem. Ges.},
volume = {34},
number = {2},
pages = {2174-2185},
doi = {10.1002/cber.190103402141},
url = {https://chemistry-europe.onlinelibrary.wiley.com/doi/abs/10.1002/cber.190103402141},
year = {1901}
}

@article{ullmann_02,
author = {Ullmann, F.},
title ={Ueber Eine Neue Bildungsweise Von Diphenylaminderivaten},
journal = {Ber. Dtsch. Chem. Ges.},
volume = {36},
number = {2},
pages = {2382-2384},
doi = {10.1002/cber.190303602174},
url = {https://chemistry-europe.onlinelibrary.wiley.com/doi/abs/10.1002/cber.190303602174},
year = {1903}
}

@article{ullmann_03,
author = {Goldberg, Iram},
title = {{Ueber Phenylirungen Bei Gegenwart Von Kupfer Als Katalysator}},
journal = {Ber. Dtsch. Chem. Ges.},
volume = {39},
number = {2},
pages = {1691-1692},
doi = {10.1002/cber.19060390298},
url = {https://chemistry-europe.onlinelibrary.wiley.com/doi/abs/10.1002/cber.19060390298},
year = {1906}
}

@article{ullmann_04,
author = {Ullmann, Fritz and Sponagel, Paul},
title = {{Ueber Die Phenylirung Von Phenolen}},
journal = {Ber. Dtsch. Chem. Ges.},
volume = {38},
number = {2},
pages = {2211-2212},
doi = {10.1002/cber.190503802176},
url = {https://chemistry-europe.onlinelibrary.wiley.com/doi/abs/10.1002/cber.190503802176},
year = {1905}
}

@article{ullmann_05,
author = {Shaw, James E.},
title = {{Preparation of Thiophenols from Unactivated Aryl Chlorides and Sodium Alkanethiolates in N-Methyl-2-Pyrrolidone}},
journal = {J. Org. Chem.},
volume = {56},
number = {11},
pages = {3728-3729},
year = {1991},
doi = {10.1021/jo00011a057},
URL = {https://doi.org/10.1021/jo00011a057}
}

@article{ullmann_06,
author = {Axelrad, George and Laosooksathit, Surin and Engel, Robert},
title = {{Reactions of Copper(I) Halide Complexes of Trivalent Phosphorus with Vinylic Halides}},
journal = {J. Org. Chem.},
volume = {46},
number = {25},
pages = {5200-5204},
year = {1981},
doi = {10.1021/jo00338a028},
URL = {https://doi.org/10.1021/jo00338a028}
}

@article{ullmann_07,
author = {Rao, Honghua and Jin, Ying and Fu, Hua and Jiang, Yuyang and Zhao, Yufen},
title = {{A Versatile and Efficient Ligand for Copper-Catalyzed Formation of C--N, C--O, and P--C Bonds: Pyrrolidine-2-Phosphonic Acid Phenyl Monoester}},
journal = {Chem. - Eur. J.},
volume = {12},
number = {13},
pages = {3636-3646},
keywords = {arylation, copper, cross-coupling, homogeneous catalysis, N,O ligands},
doi = {10.1002/chem.200501473},
url = {https://chemistry-europe.onlinelibrary.wiley.com/doi/abs/10.1002/chem.200501473},
year = {2006}
}

@article{ullmann_08,
author = {Chen, Yao-Jung and Chen, Hsin-Hung},
title = {{1,1,1-Tris(Hydroxymethyl)Ethane as a New, Efficient, and Versatile Tripod Ligand for Copper-Catalyzed Cross-Coupling Reactions of Aryl Iodides with Amides, Thiols, and Phenols}},
journal = {Org. Lett.},
volume = {8},
number = {24},
pages = {5609-5612},
year = {2006},
doi = {10.1021/ol062339h},
URL = {https://doi.org/10.1021/ol062339h}
}

@article{ullmann_09,
author = {Yang, Haitao and Xi, Chao and Miao, Zhiwei and Chen, Ruyu},
title = {{Cross-Coupling Reactions of Aryl Halides with Amines, Phenols, and Thiols Catalyzed by an N,N′-Dioxide–Copper(I) Catalytic System}},
journal = {Eur. J. Org. Chem.},
volume = {2011},
number = {18},
pages = {3353-3360},
doi = {10.1002/ejoc.201100274},
url = {https://pubs.acs.org/doi/10.1021/jo070443m},
year = {2011}
}

@article{ullmann_10,
author = {Lv, Xin and Bao, Weiliang},
title = {{A Β-Keto Ester as a Novel, Efficient, and Versatile Ligand for Copper(I)-Catalyzed C-−N, C-−O, and C−-S Coupling Reactions}},
journal = {J. Org. Chem.},
volume = {72},
number = {10},
pages = {3863-3867},
year = {2007},
doi = {10.1021/jo070443m},
URL = {https://doi.org/10.1021/jo070443m},
}

@article{ullmann_11,
title = {{A Highly Efficient and Widely Functional-Group-Tolerant Catalyst System for Copper(I)-Catalyzed S-Arylation of Thiols with Aryl Halides}},
journal = "Tetrahedron",
volume = "65",
number = "47",
pages = "9737 - 9741",
year = "2009",
issn = "0040-4020",
doi = "https://doi.org/10.1016/j.tet.2009.09.085",
url = "http://www.sciencedirect.com/science/article/pii/S0040402009014562",
author = "Yang Feng and Huifeng Wang and Fangfang Sun and Yaming Li and Xinmei Fu and Kun Jin",
}

@article{ullmann_12,
author = {Yang, Daoshan and Fu, Hua},
title = {{A Simple and Practical Copper-Catalyzed Approach to Substituted Phenols from Aryl Halides by Using Water as the Solvent}},
journal = {Chem. - Eur. J.},
volume = {16},
number = {8},
pages = {2366-2370},
doi = {10.1002/chem.200903468},
url = {https://chemistry-europe.onlinelibrary.wiley.com/doi/abs/10.1002/chem.200903468},
year = {2010}
}

@Article{ullmann_13,
author ="Li, Xufeng and Yang, Daoshan and Jiang, Yuyang and Fu, Hua",
title  ={Efficient Copper-Catalyzed N-Arylations of Nitrogen-Containing Heterocycles and Aliphatic Amines in Water},
journal  ="Green Chem.",
year  ="2010",
volume  ="12",
issue  ="6",
pages  ="1097-1105",
publisher  ="The Royal Society of Chemistry",
doi  ="10.1039/C002172E",
url  ="http://dx.doi.org/10.1039/C002172E",
}

@article{ullmann_14,
author = {Xia, Ning and Taillefer, Marc},
title = {{A Very Simple Copper-Catalyzed Synthesis of Anilines by Employing Aqueous Ammonia}},
journal = {Angew. Chem. Int. Ed.},
volume = {48},
number = {2},
pages = {337-339},
keywords = {amination, ammonia, anilines, copper, homogeneous catalysis},
doi = {10.1002/anie.200802569},
url = {https://onlinelibrary.wiley.com/doi/abs/10.1002/anie.200802569},
year = {2009}
}

@article{ullmann_15,
title = {{An Efficient Intermolecular C(aryl)–S Bond Forming Reaction Catalyzed by BINAM–copper(II) Complex}},
journal = "Tetrahedron Lett.",
volume = "50",
number = "13",
pages = "1411 - 1415",
year = "2009",
issn = "0040-4039",
doi = "https://doi.org/10.1016/j.tetlet.2009.01.022",
url = "http://www.sciencedirect.com/science/article/pii/S0040403909000665",
author = "D.J.C. Prasad and Ajay B. Naidu and G. Sekar"
}

@article{ullmann_16,
author = {Meng, Fei and Wang, Chenxia and Xie, Jianwei and Zhu, Xinhai and Wan, Yiqian},
title = {{N$^2$,N$^{2′}$-Disubstituted Oxalic Acid Bishydrazides: Novel Ligands for Copper-Catalyzed C--N Coupling Reactions in Water}},
journal = {Appl. Organomet. Chem.},
volume = {25},
number = {5},
pages = {341-347},
doi = {10.1002/aoc.1765},
url = {https://onlinelibrary.wiley.com/doi/abs/10.1002/aoc.1765},
year = {2011}
}

@article{ullmann_17,
title = {{Copper-Catalyzed Amination of Aryl Halides: Single-Step Synthesis of Triarylamines}},
journal = "Tetrahedron Lett.",
volume = "43",
number = "40",
pages = "7143 - 7146",
year = "2002",
issn = "0040-4039",
doi = "https://doi.org/10.1016/S0040-4039(02)01708-2",
url = {http://www.sciencedirect.com/science/article/pii/S0040403902017082},
author = "Ashutosh A. Kelkar and Nandkumar M. Patil and Raghunath V. Chaudhari"
}

@article{ullmann_18,
author = {Ma, Dawei and Cai, Qian and Zhang, Hui},
title = {{Mild Method for Ullmann Coupling Reaction of Amines and Aryl Halides}},
journal = {Org. Lett.},
volume = {5},
number = {14},
pages = {2453-2455},
year = {2003},
doi = {10.1021/ol0346584},
URL = {https://doi.org/10.1021/ol0346584}
}

@article{ullmann_19,
author = {Klapars, Artis and Antilla, Jon C. and Huang, Xiaohua and Buchwald, Stephen L.},
title = {{{A General and Efficient Copper Catalyst for the Amidation of Aryl Halides} and the N-Arylation of Nitrogen Heterocycles}},
journal = {J. Am. Chem. Soc.},
volume = {123},
number = {31},
pages = {7727-7729},
year = {2001},
doi = {10.1021/ja016226z},
URL = {https://doi.org/10.1021/ja016226z}
}

@article{ullmann_20,
author = {Klapars, Artis and Huang, Xiaohua and Buchwald, Stephen L.},
title = {A General and Efficient Copper Catalyst for the Amidation of Aryl Halides},
journal = {J. Am. Chem. Soc.},
volume = {124},
number = {25},
pages = {7421-7428},
year = {2002},
doi = {10.1021/ja0260465},
URL = {https://doi.org/10.1021/ja0260465},
}

@article{ullmann_21,
author = {Allen, Derek Van and Venkataraman, D.},
title = {{Copper-Catalyzed Synthesis of Unsymmetrical Triarylphosphines}},
journal = {J. Org. Chem.},
volume = {68},
number = {11},
pages = {4590-4593},
year = {2003},
doi = {10.1021/jo0343376},
URL = {https://doi.org/10.1021/jo0343376},
}

@article{ullmann_22,
author = {Gelman, Dmitri and Jiang, Lei and Buchwald, Stephen L.},
title = {{Copper-Catalyzed C−P Bond Construction via Direct Coupling of Secondary Phosphines and Phosphites with Aryl and Vinyl Halides}},
journal = {Org. Lett.},
volume = {5},
number = {13},
pages = {2315-2318},
year = {2003},
doi = {10.1021/ol0346640},
URL = {https://doi.org/10.1021/ol0346640}
}

@article{ullmann_23,
author = {Marcoux, Jean-François and Doye, Sven and Buchwald, Stephen L.},
title = {{A General Copper-Catalyzed Synthesis of Diaryl Ethers}},
journal = {J. Am. Chem. Soc.},
volume = {119},
number = {43},
pages = {10539-10540},
year = {1997},
doi = {10.1021/ja971901j},
URL = {https://doi.org/10.1021/ja971901j}
}

@article{ullmann_24,
author = {Reinhard, Emily J. and Wang, Jane L. and Durley, Richard C. and Fobian, Yvette M. and Grapperhaus, Margaret L. and Hickory, Brian S. and Massa, Mark A. and Norton, Monica B. and Promo, Michele A. and Tollefson, Michael B. and Vernier, William F. and Connolly, Daniel T. and Witherbee, Bryan J. and Melton, Michele A. and Regina, Karen J. and Smith, Mark E. and Sikorski, James A.},
title = {{Discovery of a Simple Picomolar Inhibitor of Cholesteryl Ester Transfer Protein}},
journal = {J. Med. Chem.},
volume = {46},
number = {11},
pages = {2152-2168},
year = {2003},
doi = {10.1021/jm020528+},
url = {https://doi.org/10.1021/jm020528+},
}

@article{ullmann_25,
author = {Gujadhur, Rattan K. and Bates, Craig G. and Venkataraman, D.},
title = {{Formation of Aryl−Nitrogen, Aryl−Oxygen, and Aryl−Carbon Bonds Using Well-Defined Copper(I)-Based Catalysts}},
journal = {Org. Lett.},
volume = {3},
number = {26},
pages = {4315-4317},
year = {2001},
doi = {10.1021/ol0170105},
URL = {https://doi.org/10.1021/ol0170105}
}

@article{ullmann_26,
author = {Nicolaou, K. C. and Boddy, C. N. C. and Natarajan, S. and Yue, T.-Y. and Li, H. and Bräse, S. and Ramanjulu, J. M.},
title = {{New Synthetic Technology for the Synthesis of Aryl Ethers: Construction of C-O-D and D-O-E Ring Model Systems of Vancomycin}},
journal = {J. Am. Chem. Soc.},
volume = {119},
number = {14},
pages = {3421-3422},
year = {1997},
doi = {10.1021/ja9636350},
URL = {https://doi.org/10.1021/ja9636350}
}

@article{ullmann_27,
author = {Fagan, Paul J. and Hauptman, Elisabeth and Shapiro, Rafael and Casalnuovo, Albert},
title = {{Using Intelligent/Random Library Screening To Design Focused Libraries for the Optimization of Homogeneous Catalysts: Ullmann Ether Formation}},
journal = {J. Am. Chem. Soc.},
volume = {122},
number = {21},
pages = {5043-5051},
year = {2000},
doi = {10.1021/ja000094c},
URL = {https://doi.org/10.1021/ja000094c}
}

@article{ullmann_28,
author = {Nordmann, Gero and Buchwald, Stephen L.},
title = {{A Domino Copper-Catalyzed C−-O Coupling−Claisen Rearrangement Process}},
journal = {J. Am. Chem. Soc.},
volume = {125},
number = {17},
pages = {4978-4979},
year = {2003},
doi = {10.1021/ja034809y},
URL = {https://doi.org/10.1021/ja034809y}
}

@article{ullmann_29,
title = {{Copper in Cross-Coupling Reactions: The Post-Ullmann Chemistry}},
journal = "Coord. Chem. Rev.",
volume = "248",
number = "21",
pages = "2337 - 2364",
year = "2004",
note = "Vignettes of Homogeneous Catalysis",
issn = "0010-8545",
doi = "https://doi.org/10.1016/j.ccr.2004.09.014",
url = "http://www.sciencedirect.com/science/article/pii/S0010854504002383",
author = "Irina P. Beletskaya and Andrei V. Cheprakov"
}

@article{ullmann_30,
title = {{Recent Synthetic Developments and Applications of the Ullmann Reaction. A Review}},
author = { Hao   Lin  and  Dianqing   Sun },
journal = {Org. Prep. Proced. Int.},
volume = {45},
number = {5},
pages = {341-394},
year  = {2013},
publisher = {Taylor & Francis},
doi = {10.1080/00304948.2013.816208},
URL = {https://doi.org/10.1080/00304948.2013.816208}
}

@Article{ullmann_31,
author ="Sambiagio, Carlo and Marsden, Stephen P. and Blacker, A. John and McGowan, Patrick C.",
title  = {{Copper Catalysed Ullmann Type Chemistry: from Mechanistic Aspects to Modern Development}},
journal  ="Chem. Soc. Rev.",
year  ="2014",
volume  ="43",
issue  ="10",
pages  ="3525-3550",
publisher  ="The Royal Society of Chemistry",
doi  ="10.1039/C3CS60289C",
url  ="http://dx.doi.org/10.1039/C3CS60289C"
}

@article {ullmann_32,
title = {{Copper Promoted C--N and C--O Type Cross-Coupling Reactions}},
journal = "Curr. Org. Chem.",
parent_itemid = "infobike://ben/coc",
publishercode ="ben",
year = "2010",
volume = "14",
number = "8",
pages = "754-783",
issn = "1385-2728",
url = {https://www.ingentaconnect.com/content/ben/coc/2010/00000014/00000008/art00002},
doi = "doi:10.2174/138527210791111830",
author = "Das, Pralay and Sharma, Dharminder and Kumar, Manish and Singh, Bikram"
}

@Article{ullmann_33,
author ="Lackinger, M.",
title  ="Surface-Assisted Ullmann Coupling",
journal  ="Chem. Commun.",
year  ="2017",
volume  ="53",
issue  ="56",
pages  ="7872-7885",
publisher  ="The Royal Society of Chemistry",
doi  ="10.1039/C7CC03402D",
url  ="http://dx.doi.org/10.1039/C7CC03402D"
}

@article{ullmann_34,
author = {Okawa, Yuji and Aono, Masakazu},
year = {2001},
month = {02},
pages = {683-684},
title = {{Nanoscale Control of Chain Polymerization}},
volume = {409},
journal = {Nature},
doi = {10.1038/35055625},
url  = {https://doi.org/10.1038/35055625}
}

@article{ullmann_35,
title = "Recyclable Hollow Pd–Fe Nanospheric Catalyst for Sonogashira-, Heck-, and Ullmann-Type Coupling Reactions of Aryl Halide in Aqueous Media",
journal = "J. Colloid Interface Sci.",
volume = "349",
number = "2",
pages = "613 - 619",
year = "2010",
issn = "0021-9797",
doi = "https://doi.org/10.1016/j.jcis.2010.06.009",
url = "http://www.sciencedirect.com/science/article/pii/S0021979710006491",
author = "Hui Li and Zhonghong Zhu and Hexing Li and Ping Li and Xinggui Zhou",
}

@Article{ullmann_36,
author ="Dhital, Raghu Nath and Kamonsatikul, Choavarit and Somsook, Ekasith and Sakurai, Hidehiro",
title  ="Bimetallic Gold–Palladium Alloy Nanoclusters: an Effective Catalyst for Ullmann Coupling of Chloropyridines under Ambient Conditions",
journal  ="Catal. Sci. Technol.",
year  ="2013",
volume  ="3",
issue  ="11",
pages  ="3030-3035",
publisher  ="The Royal Society of Chemistry",
doi  ="10.1039/C3CY00303E",
url  ="http://dx.doi.org/10.1039/C3CY00303E",
}

@article{ullmann_37,
  title={Recent Advancement of Ullmann-Type Coupling Reactions in the Formation of C--C Bond},
  author={Shovan Mondal},
  journal={ChemTexts},
  year={2016},
  volume={2},
  pages={1-11},
  doi={10.1007/s40828-016-0036-2},
  url={https://doi.org/10.1007/s40828-016-0036-2}
}

@article{ullmann_38,
author = {Ueda, Satoshi and Nagasawa, Hideko},
title = {{Synthesis of 2-Arylbenzoxazoles by Copper-Catalyzed Intramolecular Oxidative C--O Coupling of Benzanilides}},
journal = {Angew. Chem. Int. Ed.},
volume = {47},
number = {34},
pages = {6411-6413},
doi = {10.1002/anie.200801240},
url = {https://onlinelibrary.wiley.com/doi/abs/10.1002/anie.200801240},
year = {2008}
}

@article{ullmann_39,
author = {Zhang, Guangwu and Miao, Jinmin and Zhao, Yan and Ge, Haibo},
title = {{Copper-Catalyzed Aerobic Dehydrogenative Cyclization of N-Methyl-N-Phenylhydrazones: Synthesis of Cinnolines}},
journal = {Angew. Chem. Int. Ed.},
volume = {51},
number = {33},
pages = {8318-8321},
url = {https://onlinelibrary.wiley.com/doi/abs/10.1002/anie.201204339},
year = {2012}
}

@article{ullmann_40,
author = {Wang, Xiaoqiang and Jin, Yunhe and Zhao, Yufen and Zhu, Lin and Fu, Hua},
title = {{Copper-Catalyzed Aerobic Oxidative Intramolecular C--H Amination Leading to Imidazobenzimidazole Derivatives}},
journal = {Org. Lett.},
volume = {14},
number = {2},
pages = {452-455},
year = {2012},
doi = {10.1021/ol202884z},
URL = {https://doi.org/10.1021/ol202884z},
}

@article{ullmann_41,
author = {Liu, Qiang and Wu, Pan and Yang, Yuhong and Zeng, Ziqi and Liu, Jie and Yi, Hong and Lei, Aiwen},
title = {{Room-Temperature Copper-Catalyzed Oxidation of Electron-Deficient Arenes and Heteroarenes Using Air}},
journal = {Angew. Chem. Int. Ed.},
volume = {51},
number = {19},
pages = {4666-4670},
url = {https://onlinelibrary.wiley.com/doi/abs/10.1002/anie.201200750},
year = {2012}
}

@article{ullmann_42,
author = {Dong, Lei and Liu, Pei Nian and Lin, Nian},
title = {{Surface-Activated Coupling Reactions Confined on a Surface}},
journal = {Acc. Chem. Res.},
volume = {48},
number = {10},
pages = {2765-2774},
year = {2015},
doi = {10.1021/acs.accounts.5b00160},
URL = {https://doi.org/10.1021/acs.accounts.5b00160},
}

@article{ullmann_43,
author = {Sun, Qiang and Zhang, Renyuan and Qiu, Jun and Liu, Rui and Xu, Wei},
title = {{On-Surface Synthesis of Carbon Nanostructures}},
journal = {Adv. Mater.},
volume = {30},
number = {17},
pages = {1705630},
doi = {10.1002/adma.201705630},
url = {https://doi.org/10.1002/adma.201705630},
year = {2018}
}

@article{ullmann_44,
author = {Goronzy, Dominic P. and Ebrahimi, Maryam and Rosei, Federico and Arramel and Fang, Yuan and De Feyter, Steven and Tait, Steven L. and Wang, Chen and Beton, Peter H. and Wee, Andrew T. S. and Weiss, Paul S. and Perepichka, Dmitrii F.},
title = {{{Supramolecular Assemblies on Surfaces: Nanopatterning, Functionality, and Reactivity}}},
journal = {ACS Nano},
volume = {12},
number = {8},
pages = {7445-7481},
year = {2018},
doi = {10.1021/acsnano.8b03513},
URL = {https://doi.org/10.1021/acsnano.8b03513},
}

@article{ullmann_45,
author = {Talirz, Leopold and Ruffieux, Pascal and Fasel, Roman},
title = {{On-Surface Synthesis of Atomically Precise Graphene Nanoribbons}},
journal = {Adv. Mater.},
volume = {28},
number = {29},
pages = {6222-6231},
doi = {10.1002/adma.201505738},
url = {https://onlinelibrary.wiley.com/doi/abs/10.1002/adma.201505738},
year = {2016}
}

@Article{ullmann_46,
author ="De Marchi, F. and Galeotti, G. and Simenas, M. and Tornau, E. E. and Pezzella, A. and MacLeod, J. and Ebrahimi, M. and Rosei, F.",
title  ="Room-Temperature Surface-Assisted Reactivity of a Melanin Precursor: Silver Metal–Organic Coordination versus Covalent Dimerization on Gold",
journal  ="Nanoscale",
year  ="2018",
volume  ="10",
issue  ="35",
pages  ="16721-16729",
publisher  ="The Royal Society of Chemistry",
doi  ="10.1039/C8NR04002H",
url  ="http://dx.doi.org/10.1039/C8NR04002H",
}

@article {ullmann_47,
	author = {Zhong, Dingyong and Franke, J{\"o}rn-Holger and Podiyanachari, Santhosh Kumar and Bl{\"o}mker, Tobias and Zhang, Haiming and Kehr, Gerald and Erker, Gerhard and Fuchs, Harald and Chi, Lifeng},
	title = {{Linear Alkane Polymerization on a Gold Surface}},
	volume = {334},
	number = {6053},
	pages = {213--216},
	year = {2011},
	doi = {10.1126/science.1211836},
	publisher = {American Association for the Advancement of Science},
	URL = {https://science.sciencemag.org/content/334/6053/213},
	journal = {Science}
}

@article{ullmann_48,
author = {Sánchez-Sánchez, Carlos and Nicolaï, Adrien and Rossel, Frédéric and Cai, Jinming and Liu, Junzhi and Feng, Xinliang and Müllen, Klaus and Ruffieux, Pascal and Fasel, Roman and Meunier, Vincent},
title = {{On-Surface Cyclization of Ortho-Dihalotetracenes to Four- and Six-Membered Rings}},
journal = {J. Am. Chem. Soc.},
volume = {139},
number = {48},
pages = {17617-17623},
year = {2017},
doi = {10.1021/jacs.7b10026},
URL = {https://doi.org/10.1021/jacs.7b10026}, 
}

@book{ullmann_49,
author    = {Rizescu Costel and Rizescu Mihaela}, 
title     = {{Structure of Crystalline Solids, Imperfections and Defects in Crystals}},
publisher = {Shutter Waves},
year      = {2018},
volume    = {19},
edition   = {1},
isbn      = {978-1947641174}
}

@article{ullmann_50,
   title = {{Temperature Dependent Structure of Low Index Copper Surfaces Studied by Molecular Dynamics Simulation}},
   journal = {Braz. J. Phys.},
   author={Resende, F.J. AND Carvalho, V.E. AND Costa, B.V. AND Castilho, C.M.C. de},
   ISSN = {0103-9733},
   URL = {http://www.scielo.br/scielo.php?script=sci_arttext&pid=S0103-97332004000300016&nrm=iso},
   volume = {34},
   year = {2004},
   month = {06},
   pages = {414 - 418},
   publisher = {scielo},
   }
   
@article{ullmann_51,
author = {Fritton, Massimo and Duncan, David A. and Deimel, Peter S. and Rastgoo-Lahrood, Atena and Allegretti, Francesco and Barth, Johannes V. and Heckl, Wolfgang M. and Björk, Jonas and Lackinger, Markus},
title = {{The Role of Kinetics Versus Thermodynamics in Surface-Assisted Ullmann Coupling on Gold and Silver Surfaces}},
journal = {J. Am. Chem. Soc.},
volume = {141},
number = {12},
pages = {4824-4832},
year = {2019},
doi = {10.1021/jacs.8b11473},
URL = {ttps://doi.org/10.1021/jacs.8b11473},
}   
   
   
@Article{ullmann_52,
author ="Galeotti, Gianluca and Di Giovannantonio, Marco and Lipton-Duffin, Josh and Ebrahimi, Maryam and Tebi, Stefano and Verdini, Alberto and Floreano, Luca and Fagot-Revurat, Yannick and Perepichka, Dmitrii F. and Rosei, Federico and Contini, Giorgio",
title  ="The Role of Halogens in On-Surface Ullmann Polymerization",
journal  ="Faraday Discuss.",
year  ="2017",
volume  ="204",
issue  ="0",
pages  ="453-469",
publisher  ="The Royal Society of Chemistry",
doi  ="10.1039/C7FD00099E",
url  ="http://dx.doi.org/10.1039/C7FD00099E",
}
   
@article{ullmann_53,
title = "Ullmann Coupling of 2,7-Dibromopyrene on Au(111) Assisted by Surface Adatoms",
journal = "Appl. Surf. Sci.",
volume = "513",
pages = "145797",
year = "2020",
issn = "0169-4332",
doi = "https://doi.org/10.1016/j.apsusc.2020.145797",
url = "http://www.sciencedirect.com/science/article/pii/S0169433220305535",
author = "Jinbang Hu and Jinping Hu and Zhengde Zhang and Kongchao Shen and Zhaofeng Liang and Huan Zhang and Qiwei Tian and Peng Wang and Zheng Jiang and Han Huang and Justin W. Wells and Fei Song",
}   
   
@Article{ullmann_54,
author ="Miners, Scott A. and Rance, Graham A. and Khlobystov, Andrei N.",
title  ="Chemical Reactions Confined within Carbon Nanotubes",
journal  ="Chem. Soc. Rev.",
year  ="2016",
volume  ="45",
issue  ="17",
pages  ="4727-4746",
publisher  ="The Royal Society of Chemistry",
doi  ="10.1039/C6CS00090H",
url  ="http://dx.doi.org/10.1039/C6CS00090H",
}

@Article{ullmann_55,
author ="Franc, Grégory and Gourdon, André",
title  ="Covalent Networks through On-Surface Chemistry in Ultra-High Vacuum: State-of-the-Art and Recent Developments",
journal  ="Phys. Chem. Chem. Phys.",
year  ="2011",
volume  ="13",
issue  ="32",
pages  ="14283-14292",
publisher  ="The Royal Society of Chemistry",
doi  ="10.1039/C1CP20700H",
url  ="http://dx.doi.org/10.1039/C1CP20700H",
}

@Article{ullmann_56,
author ="Zhou, Xiong and Bebensee, Fabian and Shen, Qian and Bebensee, Regine and Cheng, Fang and He, Yang and Su, Hui and Chen, Wei and Xu, Guo Qin and Besenbacher, Flemming and Linderoth, Trolle R. and Wu, Kai",
title  ="On-Surface Synthesis Approach to Preparing One-Dimensional Organometallic and Poly-P-Phenylene Chains",
journal  ="Mater. Chem. Front.",
year  ="2017",
volume  ="1",
issue  ="1",
pages  ="119-127",
publisher  ="The Royal Society of Chemistry",
doi  ="10.1039/C6QM00142D",
url  ="http://dx.doi.org/10.1039/C6QM00142D",
}

@article{ullmann_57,
author = {Judd, Chris and Haddow, Sarah and Champness, Neil and Saywell, Alex},
year = {2017},
month = {12},
pages = {14541},
title = {{Ullmann Coupling Reactions on Ag(111) and Ag(110); Substrate Influence on the Formation of Covalently Coupled Products and Intermediate Metal-Organic Structures}},
volume = {7},
journal = {Sci. Rep.},
doi = {10.1038/s41598-017-13315-1},
URL = {https://doi.org/10.1038/s41598-017-13315-1},
}

@Article{ullmann_58,
author ="Dubois, M.-A. and Guillermet, O. and Gauthier, S. and Zhan, G. and Makoudi, Y. and Palmino, F. and Bouju, X. and Rochefort, A.",
title  ="Influence of Cu Adatoms on the Molecular Assembly of 4{,}4'-Bipyridine on Cu(111)",
journal  ="Phys. Chem. Chem. Phys.",
year  ="2018",
volume  ="20",
issue  ="22",
pages  ="15350-15357",
publisher  ="The Royal Society of Chemistry",
doi  ="10.1039/C8CP01184B",
url  ="http://dx.doi.org/10.1039/C8CP01184B",
}

@article{ullmann_59,
author = {Henkelman,Graeme  and Uberuaga,Blas P.  and Jónsson,Hannes },
title = {{A Climbing Image Nudged Elastic Band Method for Finding Saddle Points and Minimum Energy Paths}},
journal = {J. Chem. Phys.},
volume = {113},
number = {22},
pages = {9901-9904},
year = {2000},
doi = {10.1063/1.1329672},
URL = {https://doi.org/10.1063/1.1329672},
}

@article{ullmann_60,
author = {Smidstrup,Søren  and Pedersen,Andreas  and Stokbro,Kurt  and Jónsson,Hannes },
title = {{Improved Initial Guess for Minimum Energy Path Calculations}},
journal = {J. Chem. Phys.},
volume = {140},
number = {21},
pages = {214106},
year = {2014},
doi = {10.1063/1.4878664},
URL = {https://doi.org/10.1063/1.4878664},
}

@article{ullmann_61,
title = "Transition from Metal-Ligand Bonding to Halogen Bonding Involving a Metal as Halogen Acceptor a Study of Cu, Ag, Au, Pt, and Hg Complexes",
journal = "Chem. Phys. Lett.",
volume = "681",
pages = "56 - 63",
year = "2017",
issn = "0009-2614",
doi = "https://doi.org/10.1016/j.cplett.2017.05.045",
url = "http://www.sciencedirect.com/science/article/pii/S0009261417304918",
author = "Vytor Oliveira and Dieter Cremer",
}

@article{ullmann_62,
  title={Bond Dissociation Energies},
  author={Luo, Yu-Ran},
  year={2012},
  journal = {CRC Handbook of Chemistry and Physics},
  pages = {89},
  url={http://staff.ustc.edu.cn/~luo971/2010-91-CRC-BDEs-Tables.pdf},
}

@article{ullmann_63,
author = {Glockler, George},
title = {{Carbon–Halogen Bond Energies and Bond Distances}},
journal = {J. Phys. Chem.},
volume = {63},
number = {6},
pages = {828-832},
year = {1959},
doi = {10.1021/j150576a013},
URL = {https://doi.org/10.1021/j150576a013},
}

@article{ullmann_64,
author = {Abyazisani, Maryam and MacLeod, Jennifer M. and Lipton-Duffin, Josh},
title = {{Cleaning Up after the Party: Removing the Byproducts of On-Surface Ullmann Coupling}},
journal = {ACS Nano},
volume = {13},
number = {8},
pages = {9270-9278},
year = {2019},
doi = {10.1021/acsnano.9b03812},
URL = { https://doi.org/10.1021/acsnano.9b03812},
}

@article{ullmann_65,
author = {Bieri, Marco and Nguyen, Manh-Thuong and Gröning, Oliver and Cai, Jinming and Treier, Matthias and Aït-Mansour, Kamel and Ruffieux, Pascal and Pignedoli, Carlo A. and Passerone, Daniele and Kastler, Marcel and Müllen, Klaus and Fasel, Roman},
title = {{Two-Dimensional Polymer Formation on Surfaces: Insight into the Roles of Precursor Mobility and Reactivity}},
journal = {J. Am. Chem. Soc.},
volume = {132},
number = {46},
pages = {16669-16676},
year = {2010},
doi = {10.1021/ja107947z},
URL = {https://doi.org/10.1021/ja107947z},
}

@article{ullmann_66,
title = "Adsorption of Halogens on Metal Surfaces",
journal = "Surf. Sci. Rep.",
volume = "73",
number = "3",
pages = "83 - 115",
year = "2018",
issn = "0167-5729",
doi = "https://doi.org/10.1016/j.surfrep.2018.03.001",
url = "http://www.sciencedirect.com/science/article/pii/S0167572918300335",
author = "B.V. Andryushechkin and T.V. Pavlova and K.N. Eltsov",
}

@article{ullmann_67,
author ="Lewis, Emily A. and Murphy, Colin J. and Liriano, Melissa L. and Sykes, E. Charles H.",
title  ="Atomic-Scale Insight into the Formation{,} Mobility and Reaction of Ullmann Coupling Intermediates",
journal  ="Chem. Commun.",
year  ="2014",
volume  ="50",
issue  ="8",
pages  ="1006-1008",
publisher  ="The Royal Society of Chemistry",
doi  ="10.1039/C3CC47002D",
url  ="http://dx.doi.org/10.1039/C3CC47002D",
}

@article{ullmann_68,
author = {Blake, Meaghan M. and Nanayakkara, Sanjini U. and Claridge, Shelley A. and Fernández-Torres, Luis C. and Sykes, E. Charles H. and Weiss, Paul S.},
title = {{Identifying Reactive Intermediates in the Ullmann Coupling Reaction by Scanning Tunneling Microscopy and Spectroscopy}},
journal = {J. Phys. Chem. A},
volume = {113},
number = {47},
pages = {13167-13172},
year = {2009},
doi = {10.1021/jp903590c},
URL = {https://doi.org/10.1021/jp903590c},
}

@article{ullmann_69,
  title = {{Long-Range Electronic Interactions at a High Temperature: Bromine Adatom Islands on Cu(111)}},
  author = {Nanayakkara, Sanjini U. and Sykes, E. Charles H. and Fern\'andez-Torres, Luis C. and Blake, Meaghan M. and Weiss, Paul S.},
  journal = {Phys. Rev. Lett.},
  volume = {98},
  pages = {206108},
  numpages = {4},
  year = {2007},
  month = {May},
  publisher = {American Physical Society},
  doi = {10.1103/PhysRevLett.98.206108},
  url = {https://link.aps.org/doi/10.1103/PhysRevLett.98.206108}
}

@article{ullmann_70,
author = {Clair, Sylvain and de Oteyza, Dimas G.},
title = {{Controlling a Chemical Coupling Reaction on a Surface: Tools and Strategies for On-Surface Synthesis}},
journal = {Chem. Rev.},
volume = {119},
number = {7},
pages = {4717-4776},
year = {2019},
doi = {10.1021/acs.chemrev.8b00601},
URL = {https://doi.org/10.1021/acs.chemrev.8b00601},
}

@Article{ullmann_71,
author ="Bieri, Marco and Blankenburg, Stephan and Kivala, Milan and Pignedoli, Carlo A. and Ruffieux, Pascal and Müllen, Klaus and Fasel, Roman",
title  ="Surface-Supported 2D Heterotriangulene Polymers",
journal  ="Chem. Commun.",
year  ="2011",
volume  ="47",
issue  ="37",
pages  ="10239-10241",
publisher  ="The Royal Society of Chemistry",
doi  ="10.1039/C1CC12490K",
url  ="http://dx.doi.org/10.1039/C1CC12490K",
}

@article{ullmann_72,
title = "The Effects of Pore and Second-Phase Particle on the Mechanical Properties of Machining Copper Matrix from Molecular Dynamic Simulation",
journal = "Appl. Surf. Sci.",
volume = "384",
pages = "419 - 431",
year = "2016",
issn = "0169-4332",
doi = "https://doi.org/10.1016/j.apsusc.2016.05.051",
url = "http://www.sciencedirect.com/science/article/pii/S0169433216310595",
author = "Jia Li and Qihong Fang and Bin Liu and Youwen Liu",
}

@article{ullmann_73,
author = {Zhong, Yi and Markmann, Jürgen and Jin, Hai-Jun and Ivanisenko, Yulia and Kurmanaeva, Lilia and Weissmüller, Jörg},
title = {{Crack Mitigation during Dealloying of Au$_{25}$Cu$_{75}$}},
journal = {Adv. Eng. Mater.},
volume = {16},
number = {4},
pages = {389-398},
doi = {https://doi.org/10.1002/adem.201300211},
url = {https://onlinelibrary.wiley.com/doi/abs/10.1002/adem.201300211},
year = {2014}
}

@article{ullmann_74,
title = "Quantifying Electrocatalytic Reduction of CO$_2$ on Twin Boundaries",
journal = "Chem",
volume = "6",
number = "11",
pages = "3007 - 3021",
year = "2020",
issn = "2451-9294",
doi = "https://doi.org/10.1016/j.chempr.2020.07.026",
url = "http://www.sciencedirect.com/science/article/pii/S2451929420303764",
author = "Feng Hu and Sasitha C. Abeyweera and Jie Yu and Dongtang Zhang and Yu Wang and Qimin Yan and Yugang Sun",
}

@article{Ullmann_75,
author = "Dupraz, Maxime and Beutier, Guillaume and Rodney, David and Mordehai, Dan and Verdier, Marc",
title = "{Signature of Dislocations and Stacking Faults of Face-Centred Cubic Nanocrystals in Coherent X-Ray Diffraction Patterns: a Numerical Study}",
journal = "J. Appl. Crystallogr.",
year = "2015",
volume = "48",
number = "3",
pages = "621--644",
month = "Jun",
doi = {10.1107/S1600576715005324},
url = {https://doi.org/10.1107/S1600576715005324},
}

@Article{Ullmann_76,
author ="Hu, Zehua and Wu, Zhangting and Han, Cheng and He, Jun and Ni, Zhenhua and Chen, Wei",
title  ="Two-Dimensional Transition Metal Dichalcogenides: Interface and Defect Engineering",
journal  ="Chem. Soc. Rev.",
year  ="2018",
volume  ="47",
pages  ="3100-3128",
publisher  ="The Royal Society of Chemistry",
doi  ="10.1039/C8CS00024G",
url  ="http://dx.doi.org/10.1039/C8CS00024G",
}

@article{Ullmann_77,
author = {Kotri, A. and El koraychy, E. and Mazroui, M. and Boughaleb, Y.},
title = {{Static Investigation of Adsorption and Hetero-Diffusion of Copper, Silver, and Gold Adatoms on the (111) Surface}},
journal = {Surf. Interface Anal.},
volume = {49},
number = {8},
pages = {705-711},
doi = {https://doi.org/10.1002/sia.6211},
url = {https://onlinelibrary.wiley.com/doi/abs/10.1002/sia.6211},
year = {2017}
}

@article{ullmann_78,
author = {Torrelles, Xavier and Pensa, Evangelina and Cortés, Emiliano and Salvarezza, Roberto and Carro, Pilar and Hernández Guerrero, Cecilia and Ocal, Carmen and Barrena, Esther and Ferrer, Salvador},
title = {{Solving the Long-Standing Controversy of Long-Chain Alkanethiols Surface Structure on Au(111)}},
journal = {J. Phys. Chem. C},
volume = {122},
number = {7},
pages = {3893-3902},
year = {2018},
doi = {10.1021/acs.jpcc.7b11465},
URL = {https://doi.org/10.1021/acs.jpcc.7b11465},
}

@article{ullmann_79,
author = {Bebensee, Fabian and Svane, Katrine and Bombis, Christian and Masini, Federico and Klyatskaya, Svetlana and Besenbacher, Flemming and Ruben, Mario and Hammer, Bjørk and Linderoth, Trolle R.},
title = {{A Surface Coordination Network Based on Copper Adatom Trimers}},
journal = {Angew. Chem. Int. Ed.},
volume = {53},
number = {47},
pages = {12955-12959},
keywords = {copper, density functional theory, metal–organic frameworks, scanning tunneling microscopy, surface coordination networks},
doi = {https://doi.org/10.1002/anie.201406528},
url = {https://onlinelibrary.wiley.com/doi/abs/10.1002/anie.201406528},
year = {2014}
}

@article{ullmann_80,
author = {Fan, Qitang and Wang, Cici and Han, Yong and Zhu, Junfa and Kuttner, Julian and Hilt, Gerhard and Gottfried, J. Michael},
title = {{Surface-Assisted Formation, Assembly, and Dynamics of Planar Organometallic Macrocycles and Zigzag Shaped Polymer Chains with C--Cu--C Bonds}},
journal = {ACS Nano},
volume = {8},
number = {1},
pages = {709-718},
year = {2014},
doi = {10.1021/nn405370s},
URL = {https://doi.org/10.1021/nn405370s},}

@article{ullmann_81,
author = {Sirtl, Thomas and Schlögl, Stefan and Rastgoo-Lahrood, Atena and Jelic, Jelena and Neogi, Subhadip and Schmittel, Michael and Heckl, Wolfgang M. and Reuter, Karsten and Lackinger, Markus},
title = {{Control of Intermolecular Bonds by Deposition Rates at Room Temperature: Hydrogen Bonds Versus Metal Coordination in Trinitrile Monolayers}},
journal = {J. Am. Chem. Soc.},
volume = {135},
number = {2},
pages = {691-695},
year = {2013},
doi = {10.1021/ja306834a},
URL = {https://doi.org/10.1021/ja306834a},}

@article{ullmann_82,
author = {Walch, Hermann and Dienstmaier, Jürgen and Eder, Georg and Gutzler, Rico and Schlögl, Stefan and Sirtl, Thomas and Das, Kalpataru and Schmittel, Michael and Lackinger, Markus},
title = {{Extended Two-Dimensional Metal–Organic Frameworks Based on Thiolate–Copper Coordination Bonds}},
journal = {J. Am. Chem. Soc.},
volume = {133},
number = {20},
pages = {7909-7915},
year = {2011},
doi = {10.1021/ja200661s},
URL = {https://doi.org/10.1021/ja200661s},}

@article{ullmann_83,
author = {Pawin, Greg and Wong, Kin L. and Kim, Daeho and Sun, Dezheng and Bartels, Ludwig and Hong, Sampyo and Rahman, Talat S. and Carp, Robert and Marsella, Michael},
title = {{A Surface Coordination Network Based on Substrate-Derived Metal Adatoms with Local Charge Excess}},
journal = {Angew. Chem. Int. Ed.},
volume = {47},
number = {44},
pages = {8442-8445},
keywords = {coordination modes, density functional calculations, scanning probe microscopy, structure elucidation, surface chemistry},
doi = {https://doi.org/10.1002/anie.200802543},
url = {https://onlinelibrary.wiley.com/doi/abs/10.1002/anie.200802543},
year = {2008}
}

@article{ullmann_84,
  title = {{Surface-State Localization at Adatoms}},
  author = {Limot, L. and Pehlke, E. and Kr\"oger, J. and Berndt, R.},
  journal = {Phys. Rev. Lett.},
  volume = {94},
  issue = {3},
  pages = {036805},
  numpages = {4},
  year = {2005},
  month = {Jan},
  publisher = {American Physical Society},
  doi = {10.1103/PhysRevLett.94.036805},
  url = {https://link.aps.org/doi/10.1103/PhysRevLett.94.036805}
}

@article{ullmann_85,
author = {Voznyy, Oleksandr and Dubowski, Jan J. and Yates, J. T. and Maksymovych, Peter},
title = {{The Role of Gold Adatoms and Stereochemistry in Self-Assembly of Methylthiolate on Au(111)}},
journal = {J. Am. Chem. Soc.},
volume = {131},
number = {36},
pages = {12989-12993},
year = {2009},
doi = {10.1021/ja902629y},
URL = {https://doi.org/10.1021/ja902629y},}

@article{ullmann_86,
author = {Sadowsky, Daniel and McNeill, Kristopher and Cramer, Christopher J.},
title = {{Dehalogenation of Aromatics by Nucleophilic Aromatic Substitution}},
journal = {Environ. Sci. Technol.},
volume = {48},
number = {18},
pages = {10904-10911},
year = {2014},
doi = {10.1021/es5028822},
URL = {https://doi.org/10.1021/es5028822},
}

@article{ullmann_87,
author = {Xi, Ming and Bent, Brian E.},
title = {{Mechanisms of the Ullmann Coupling Reaction in Adsorbed Monolayers}},
journal = {J. Am. Chem. Soc.},
volume = {115},
number = {16},
pages = {7426-7433},
year = {1993},
doi = {10.1021/ja00069a048},
URL = {https://doi.org/10.1021/ja00069a048},
}

@article{ullmann_88,
author = {Lipton-Duffin, J. A. and Ivasenko, O. and Perepichka, D. F. and Rosei, F.},
title = {{Synthesis of Polyphenylene Molecular Wires by Surface-Confined Polymerization}},
journal = {Small},
volume = {5},
number = {5},
pages = {592-597},
keywords = {catalysis, conjugated polymers, STM, surface science, Ullmann coupling},
doi = {https://doi.org/10.1002/smll.200801943},
url = {https://onlinelibrary.wiley.com/doi/abs/10.1002/smll.200801943},
year = {2009}
}

@Article{ullmann_89,
author ="Gutzler, Rico and Walch, Hermann and Eder, Georg and Kloft, Stephan and Heckl, Wolfgang M. and Lackinger, Markus",
title  ="Surface Mediated Synthesis of 2D Covalent Organic Frameworks: 1{,}3{,}5-Tris(4-bromophenyl)benzene on Graphite(001){,} Cu(111){,} and Ag(110)",
journal  ="Chem. Commun.",
year  ="2009",
issue  ="29",
pages  ="4456-4458",
publisher  ="The Royal Society of Chemistry",
doi  ="10.1039/B906836H",
url  ="http://dx.doi.org/10.1039/B906836H",}

@Article{ullmann_90,
author ="Blunt, Matthew O. and Russell, James C. and Champness, Neil R. and Beton, Peter H.",
title  ="Templating Molecular Adsorption Using a Covalent Organic Framework",
journal  ="Chem. Commun.",
year  ="2010",
volume  ="46",
issue  ="38",
pages  ="7157-7159",
publisher  ="The Royal Society of Chemistry",
doi  ="10.1039/C0CC01810D",
url  ="http://dx.doi.org/10.1039/C0CC01810D",}

@Article{ullmann_91,
author ="Eichhorn, Johanna and Strunskus, Thomas and Rastgoo-Lahrood, Atena and Samanta, Debabrata and Schmittel, Michael and Lackinger, Markus",
title  ="On-Surface Ullmann Polymerization via Intermediate Organometallic Networks on Ag(111)",
journal  ="Chem. Commun.",
year  ="2014",
volume  ="50",
issue  ="57",
pages  ="7680-7682",
publisher  ="The Royal Society of Chemistry",
doi  ="10.1039/C4CC02757D",
url  ="http://dx.doi.org/10.1039/C4CC02757D",}

@article{ullmann_92,
author = {Zhou, Xiong and Wang, Chenguang and Zhang, Yajie and Cheng, Fang and He, Yang and Shen, Qian and Shang, Jian and Shao, Xiang and Ji, Wei and Chen, Wei and Xu, Guoqin and Wu, Kai},
title = {{Steering Surface Reaction Dynamics with a Self-Assembly Strategy: Ullmann Coupling on Metal Surfaces}},
journal = {Angew. Chem. Int. Ed.},
volume = {56},
number = {42},
pages = {12852-12856},
keywords = {scanning tunneling microscopy, self-assembly strategies, surface reaction dynamics, Ullmann coupling},
doi = {https://doi.org/10.1002/anie.201705018},
url = {https://onlinelibrary.wiley.com/doi/abs/10.1002/anie.201705018},
year = {2017}
}

@article{ullmann_93,
author = {Pham, Tuan Anh and Song, Fei and Nguyen, Manh-Thuong and Li, Zheshen and Studener, Florian and Stöhr, Meike},
title = {{Comparing Ullmann Coupling on Noble Metal Surfaces: On-Surface Polymerization of 1,3,6,8-Tetrabromopyrene on Cu(111) and Au(111)}},
journal = {Chem. - Eur. J.},
volume = {22},
number = {17},
pages = {5937-5944},
keywords = {molecular network, on-surface polymerization, self-assembly, STM, Ullmann-type coupling},
doi = {https://doi.org/10.1002/chem.201504946},
url = {https://chemistry-europe.onlinelibrary.wiley.com/doi/abs/10.1002/chem.201504946},
year = {2016}
}

@article{ullmann_94,
author = {Shi, Ke Ji and Yuan, Ding Wang and Wang, Cheng Xin and Shu, Chen Hui and Li, Deng Yuan and Shi, Zi Liang and Wu, Xin Yan and Liu, Pei Nian},
title = {{Ullmann Reaction of Aryl Chlorides on Various Surfaces and the Application in Stepwise Growth of 2D Covalent Organic Frameworks}},
journal = {Org. Lett.},
volume = {18},
number = {6},
pages = {1282-1285},
year = {2016},
doi = {10.1021/acs.orglett.6b00172},
URL = {https://doi.org/10.1021/acs.orglett.6b00172},
}

@article {ullmann_95,
	author = {Lipton-Duffin, J. A. and Miwa, J. A. and Kondratenko, M. and Cicoira, F. and Sumpter, B. G. and Meunier, V. and Perepichka, D. F. and Rosei, F.},
	title = {{Step-By-Step Growth of Epitaxially Aligned Polythiophene by Surface-Confined Reaction}},
	volume = {107},
	number = {25},
	pages = {11200--11204},
	year = {2010},
	doi = {10.1073/pnas.1000726107},
	publisher = {National Academy of Sciences},
	issn = {0027-8424},
	URL = {https://www.pnas.org/content/107/25/11200},
	journal = {Proc. Natl. Acad. Sci. U. S. A.}
}

@article{ullmann_96,
author = {Han, Patrick and Kurland, Adam R. and Giordano, Andrea N. and Nanayakkara, Sanjini U. and Blake, Meaghan M. and Pochas, Chris M. and Weiss, Paul S.},
title = {{Heads and Tails: Simultaneous Exposed and Buried Interface Imaging of Monolayers}},
journal = {ACS Nano},
volume = {3},
number = {10},
pages = {3115-3121},
year = {2009},
doi = {10.1021/nn901030x},
URL = {https://doi.org/10.1021/nn901030x},
}

@Article{ullmann_97,
author ="Galeotti, G. and De Marchi, F. and Taerum, T. and Besteiro, L. V. and El Garah, M. and Lipton-Duffin, J. and Ebrahimi, M. and Perepichka, D. F. and Rosei, F.",
title  ="Surface-Mediated Assembly{,} Polymerization And Degradation of Thiophene-Based Monomers",
journal  ="Chem. Sci.",
year  ="2019",
volume  ="10",
issue  ="19",
pages  ="5167-5175",
publisher  ="The Royal Society of Chemistry",
doi  ="10.1039/C8SC05267K",
url  ="http://dx.doi.org/10.1039/C8SC05267K",
}

@Article{ullmann_98,
author ="Galeotti, Gianluca and Di Giovannantonio, Marco and Cupo, Andrew and Xing, Sarah and Lipton-Duffin, Josh and Ebrahimi, Maryam and Vasseur, Guillaume and Kierren, Bertrand and Fagot-Revurat, Yannick and Tristant, Damien and Meunier, Vincent and Perepichka, Dmitrii F. and Rosei, Federico and Contini, Giorgio",
title  ="An Unexpected Organometallic Intermediate in Surface-Confined Ullmann Coupling",
journal  ="Nanoscale",
year  ="2019",
volume  ="11",
issue  ="16",
pages  ="7682-7689",
publisher  ="The Royal Society of Chemistry",
doi  ="10.1039/C9NR00672A",
url  ="http://dx.doi.org/10.1039/C9NR00672A",
}

@article{ullmann_99,
author = {Henkelman,Graeme  and Jónsson,Hannes },
title = {{Improved Tangent Estimate in the Nudged Elastic Band Method for Finding Minimum Energy Paths and Saddle Points}},
journal = {J. Chem. Phys.},
volume = {113},
number = {22},
pages = {9978-9985},
year = {2000},
doi = {10.1063/1.1323224},
URL = {https://doi.org/10.1063/1.1323224},
}

@article{ullmann_100,
author = {Saywell, Alex and Greń, Wojciech and Franc, Grégory and Gourdon, André and Bouju, Xavier and Grill, Leonhard},
title = {{Manipulating the Conformation of Single Organometallic Chains on Au(111)}},
journal = {J. Phys. Chem. C},
volume = {118},
number = {3},
pages = {1719-1728},
year = {2014},
doi = {10.1021/jp409323g},
URL = {https://doi.org/10.1021/jp409323g},
}

@article{ullmann_101,
author = {Zhang, Haiming and Lin, Haiping and Sun, Kewei and Chen, Long and Zagranyarski, Yulian and Aghdassi, Nabi and Duhm, Steffen and Li, Qing and Zhong, Dingyong and Li, Youyong and Müllen, Klaus and Fuchs, Harald and Chi, Lifeng},
title = {{On-Surface Synthesis of Rylene-Type Graphene Nanoribbons}},
journal = {J. Am. Chem. Soc.},
volume = {137},
number = {12},
pages = {4022-4025},
year = {2015},
doi = {10.1021/ja511995r},
URL = {https://doi.org/10.1021/ja511995r},
}

@article{ullmann_102,
author = {Zhang, Haiming and Chi, Lifeng},
title = {{Gold–Organic Hybrids: On-Surface Synthesis and Perspectives}},
journal = {Adv. Mater.},
volume = {28},
number = {47},
pages = {10492-10498},
keywords = {electron transport, gold–organic hybrids, on-surface synthesis, scanning tunneling microscopy, scanning tunneling spectroscopy},
doi = {https://doi.org/10.1002/adma.201602131},
url = {https://onlinelibrary.wiley.com/doi/abs/10.1002/adma.201602131},
year = {2016}
}

@article{ullmann_103,
author = {Park, Jihun and Kim, Kye Yeop and Chung, Kyung-Hoon and Yoon, Jong Keon and Kim, Howon and Han, Seungwu and Kahng, Se-Jong},
title = {{Interchain Interactions Mediated by Br Adsorbates in Arrays of Metal–Organic Hybrid Chains on Ag(111)}},
journal = {J. Phys. Chem. C},
volume = {115},
number = {30},
pages = {14834-14838},
year = {2011},
doi = {10.1021/jp203129f},
URL = {https://doi.org/10.1021/jp203129f},
}

@Article{ullmann_104,
author ="Lewis, E. A. and Marcinkowski, M. D. and Murphy, C. J. and Liriano, M. L. and Therrien, A. J. and Pronschinske, A. and Sykes, E. C. H.",
title  ="Controlling Selectivity in the Ullmann Reaction on Cu(111)",
journal  ="Chem. Commun.",
year  ="2017",
volume  ="53",
issue  ="55",
pages  ="7816-7819",
publisher  ="The Royal Society of Chemistry",
doi  ="10.1039/C7CC02901B",
url  ="http://dx.doi.org/10.1039/C7CC02901B",
}

@article {ullmann_105, 	
Title = {Covalent On-Surface Polymerization}, 	
Author = {Grill, Leonhard and Hecht, Stefan}, 	
DOI = {10.1038/s41557-019-0392-9}, 	
Number = {2}, 	
Volume = {12}, 	
Month = {February}, 	
Year = {2020}, 	
Journal = {Nat. Chem.},
ISSN = {1755-4330}, 
Pages = {115—130}, 
URL = {https://doi.org/10.1038/s41557-019-0392-9}, }  

@article {ullmann_106, 	Title = {Atomically Precise Bottom-Up Fabrication of Graphene Nanoribbons}, 	Author = {Cai, Jinming and Ruffieux, Pascal and Jaafar, Rached and Bieri, Marco and Braun, Thomas and Blankenburg, Stephan and Muoth, Matthias and Seitsonen, Ari P and Saleh, Moussa and Feng, Xinliang and Müllen, Klaus and Fasel, Roman}, 	DOI = {10.1038/nature09211}, 	Number = {7305}, 	Volume = {466}, 	Month = {July}, 	Year = {2010}, 	Journal = {Nature}, 	ISSN = {0028-0836}, 	Pages = {470-473}, 	URL = {https://doi.org/10.1038/nature09211}, }  

@article {ullmann_107, 	Title = {On-Surface Synthesis of Graphene Nanoribbons with Zigzag Edge Topology}, 	Author = {Ruffieux, Pascal and Wang, Shiyong and Yang, Bo and Sánchez-Sánchez, Carlos and Liu, Jia and Dienel, Thomas and Talirz, Leopold and Shinde, Prashant and Pignedoli, Carlo A and Passerone, Daniele and Dumslaff, Tim and Feng, Xinliang and Müllen, Klaus and Fasel, Roman}, 	DOI = {10.1038/nature17151}, 	Number = {7595}, 	Volume = {531}, 	Month = {March}, 	Year = {2016}, 	Journal = {Nature}, 	ISSN = {0028-0836}, 	Pages = {489-492}, 	URL = {https://doi.org/10.1038/nature17151}, }  

@article {ullmann_108, 	Title = {Van Der Waals Heterostructures}, 	Author = {Geim, AK and Grigorieva, IV}, 	DOI = {10.1038/nature12385}, 	Number = {7459}, 	Volume = {499}, 	Month = {July}, 	Year = {2013}, 	Journal = {Nature}, 	ISSN = {0028-0836}, 	Pages = {419—425}, 	URL = {https://doi.org/10.1038/nature12385}, }  

@article{ullmann_109,
author = {Butler, Sheneve Z. and Hollen, Shawna M. and Cao, Linyou and Cui, Yi and Gupta, Jay A. and Gutiérrez, Humberto R. and Heinz, Tony F. and Hong, Seung Sae and Huang, Jiaxing and Ismach, Ariel F. and Johnston-Halperin, Ezekiel and Kuno, Masaru and Plashnitsa, Vladimir V. and Robinson, Richard D. and Ruoff, Rodney S. and Salahuddin, Sayeef and Shan, Jie and Shi, Li and Spencer, Michael G. and Terrones, Mauricio and Windl, Wolfgang and Goldberger, Joshua E.},
title = {{Progress, Challenges, and Opportunities in Two-Dimensional Materials Beyond Graphene}},
journal = {ACS Nano},
volume = {7},
number = {4},
pages = {2898-2926},
year = {2013},
doi = {10.1021/nn400280c},
URL = { 
        https://doi.org/10.1021/nn400280c},
}

@Article{ullmann_110,
author ="Zhao, Wei and Dong, Lei and Huang, Chao and Win, Zaw Myo and Lin, Nian",
title  ="Cu- and Pd-Catalyzed Ullmann Reaction on a Hexagonal Boron Nitride Layer",
journal  ="Chem. Commun.",
year  ="2016",
volume  ="52",
issue  ="90",
pages  ="13225-13228",
publisher  ="The Royal Society of Chemistry",
doi  ="10.1039/C6CC05029H",
url  ="http://dx.doi.org/10.1039/C6CC05029H",
}

@article{ullmann_111,
	doi = {10.1088/0957-4484/27/39/395303},
	url = {https://doi.org/10.1088/0957-4484/27/39/395303},
	year = 2016,
	month = {aug},
	publisher = {{IOP} Publishing},
	volume = {27},
	number = {39},
	pages = {395303},
	author = {Marina V Makarova and Yuji Okawa and Elisseos Verveniotis and Kenji Watanabe and Takashi Taniguchi and Christian Joachim and Masakazu Aono},
	title = {{Self-Assembled Diacetylene Molecular Wire Polymerization on an Insulating Hexagonal Boron Nitride (0001) Surface}},
	journal = {Nanotechnology},
}

@Article{ullmann_112,
author ="Morchutt, Claudius and Björk, Jonas and Krotzky, Sören and Gutzler, Rico and Kern, Klaus",
title  ="Covalent Coupling via Dehalogenation on Ni(111) Supported Boron Nitride and Graphene",
journal  ="Chem. Commun.",
year  ="2015",
volume  ="51",
issue  ="12",
pages  ="2440-2443",
publisher  ="The Royal Society of Chemistry",
doi  ="10.1039/C4CC07107G",
url  ="http://dx.doi.org/10.1039/C4CC07107G",
}

@article {ullmann_113, 	Title = {Mixed-Dimensional Van Der Waals Heterostructures}, 	Author = {Jariwala, Deep and Marks, Tobin J and Hersam, Mark C}, 	DOI = {10.1038/nmat4703}, 	Number = {2}, 	Volume = {16}, 	Month = {February}, 	Year = {2017}, 	Journal = {Nat. Mater.}, 	ISSN = {1476-1122}, 	Pages = {170-181},	URL = {https://doi.org/10.1038/nmat4703}, }

@article{ullmann_114,
author = {Lembke, Dominik and Bertolazzi, Simone and Kis, Andras},
title = {{Single-Layer MoS$_2$ Electronics}},
journal = {Acc. Chem. Res.},
volume = {48},
number = {1},
pages = {100-110},
year = {2015},
doi = {10.1021/ar500274q},
URL = { 
        https://doi.org/10.1021/ar500274q
},
}

@article{ullmann_115,
author = {Ley, Steven V. and Thomas, Andrew W.},
title = {{Modern Synthetic Methods for Copper-Mediated C(aryl)--O, C(aryl)--N, and C(aryl)--S Bond Formation}},
journal = {Angew. Chem. Int. Ed.},
volume = {43},
number = {9},
pages = {1043-1043},
keywords = {amination, arylation, condensation reactions, copper, cross-coupling},
doi = {https://doi.org/10.1002/anie.200490023},
url = {https://onlinelibrary.wiley.com/doi/abs/10.1002/anie.200490023},
year = {2004}
}

@article{ullmann_116,
author = {Hassan, Jwanro and Sévignon, Marc and Gozzi, Christel and Schulz, Emmanuelle and Lemaire, Marc},
title = {{Aryl−Aryl Bond Formation One Century after the Discovery of the Ullmann Reaction}},
journal = {Chem. Rev.},
volume = {102},
number = {5},
pages = {1359-1470},
year = {2002},
doi = {10.1021/cr000664r},

URL = { 
        https://doi.org/10.1021/cr000664r
},
}

@article{ullmann_117,
author = {Monnier, Florian and Taillefer, Marc},
title = {{Catalytic C--C, C--N, and C--O Ullmann-Type Coupling Reactions}},
journal = {Angew. Chem. Int. Ed.},
volume = {48},
number = {38},
pages = {6954-6971},
keywords = {arylation, catalysis, copper, cross-coupling, nucleophiles},
doi = {https://doi.org/10.1002/anie.200804497},
url = {https://onlinelibrary.wiley.com/doi/abs/10.1002/anie.200804497},
year = {2009}
}

@Article{ullmann_118,
author ="Carril, Mónica and SanMartin, Raul and Domínguez, Esther",
title  ="Palladium and Copper-Catalysed Arylation Reactions in the Presence of Water{,} with a Focus on Carbon–Heteroatom Bond Formation",
journal  ="Chem. Soc. Rev.",
year  ="2008",
volume  ="37",
issue  ="4",
pages  ="639-647",
publisher  ="The Royal Society of Chemistry",
doi  ="10.1039/B709565C",
url  ="http://dx.doi.org/10.1039/B709565C",
}

@article{ullmann_119,
author = {Bringmann, Gerhard and Walter, Rainer and Weirich, Ralf},
title = {{The Directed Synthesis of Biaryl Compounds: Modern Concepts and Strategies}},
journal = {Angew. Chem. Int. Ed. Engl.},
volume = {29},
number = {9},
pages = {977-991},
keywords = {Biaryls, Arenes, Synthetic methods, Asymmetric synthesis},
doi = {https://doi.org/10.1002/anie.199009771},
url = {https://onlinelibrary.wiley.com/doi/abs/10.1002/anie.199009771},
year = {1990}
}

@Article{ullmann_120,
author ="Pant, Preeti Lalit and Shankarling, Ganapati S.",
title  ="Recent Advances in Synthetic Methodologies for Transition Metal-Free Ullmann Condensation Reactions",
journal  ="New J. Chem.",
year  ="2018",
volume  ="42",
issue  ="16",
pages  ="13212-13224",
publisher  ="The Royal Society of Chemistry",
doi  ="10.1039/C8NJ02112K",
url  ="http://dx.doi.org/10.1039/C8NJ02112K",
}

@article{ullmann_121,
author = {Cai, Qian and Zhou, Wei},
title = {{Ullmann-Ma Reaction: Development, Scope and Applications in Organic Synthesis}},
journal = {Chin. J. Chem.},
volume = {38},
number = {8},
pages = {879-893},
keywords = {Cross-Coupling, Ullmann-Ma Reaction, Copper, Amino Acids, Oxalic Diamides},
doi = {https://doi.org/10.1002/cjoc.202000075},
url = {https://onlinelibrary.wiley.com/doi/abs/10.1002/cjoc.202000075},
year = {2020}
}

@Article{ullmann_122,
author ="Sherborne, Grant J. and Adomeit, Sven and Menzel, Robert and Rabeah, Jabor and Brückner, Angelika and Fielding, Mark R. and Willans, Charlotte E. and Nguyen, Bao N.",
title  ="Origins of High Catalyst Loading in Copper(I)-Catalysed Ullmann–Goldberg C–-N Coupling Reactions",
journal  ="Chem. Sci.",
year  ="2017",
volume  ="8",
issue  ="10",
pages  ="7203-7210",
publisher  ="The Royal Society of Chemistry",
doi  ="10.1039/C7SC02859H",
url  ="http://dx.doi.org/10.1039/C7SC02859H",
}




@article{ullmann_127,
author = {Lin, Jong Liang and Bent, Brian E.},
title = {{Carbon-Halogen Bond Dissociation on Copper Surfaces: Effect of Alkyl Chain Length}},
journal = {J. Phys. Chem.},
volume = {96},
number = {21},
pages = {8529-8538},
year = {1992},
doi = {10.1021/j100200a059},

URL = { 
        https://doi.org/10.1021/j100200a059
    },
}

@article{ullmann_128,
author = {Lin, Jong Liang and Bent, Brian E.},
title = {{Two Mechanisms for Formation of Methyl Radicals during the Thermal Decomposition of Methyl Iodide on a Copper Surface}},
journal = {J. Phys. Chem.},
volume = {97},
number = {38},
pages = {9713-9718},
year = {1993},
doi = {10.1021/j100140a030},

URL = { 
        https://doi.org/10.1021/j100140a030
    },
}

@article{ullmann_129,
author = {Xi, Ming and Bent, Brian E.},
title = {{Adsorbed Phenyl Groups as Traps for Radical Intermediates in Reactions on Copper Surfaces}},
journal = {Langmuir},
volume = {10},
number = {2},
pages = {505-509},
year = {1994},
doi = {10.1021/la00014a027},

URL = { 
        https://doi.org/10.1021/la00014a027
    
},
}

@article{ullmann_130,
author = {Lin, Nian and Payer, Dietmar and Dmitriev, Alexandre and Strunskus, Thomas and Wöll, Christof and Barth, Johannes V. and Kern, Klaus},
title = {{Two-Dimensional Adatom Gas Bestowing Dynamic Heterogeneity on Surfaces}},
journal = {Angew. Chem. Int. Ed.},
volume = {44},
number = {10},
pages = {1488-1491},
keywords = {heterogeneous catalysis, hydrogen bonds, photoelectron spectroscopy, scanning probe microscopy, surface reactions},
doi = {https://doi.org/10.1002/anie.200461390},
url = {https://onlinelibrary.wiley.com/doi/abs/10.1002/anie.200461390},
year = {2005}
}

@article{ullmann_131,
  title = {{{\textit{Ab Initio}} Molecular Dynamics for Liquid Metals}},
  author = {Kresse, G. and Hafner, J.},
  journal = {Phys. Rev. B},
  volume = {47},
  issue = {1},
  pages = {558--561},
  numpages = {0},
  year = {1993},
  month = {Jan},
  publisher = {American Physical Society},
  doi = {10.1103/PhysRevB.47.558},
  url = {https://link.aps.org/doi/10.1103/PhysRevB.47.558}
}

@article{ullmann_132,
  title = {{{\textit{Ab Initio}} Molecular-Dynamics Simulation of the Liquid-Metal--Amorphous-Semiconductor Transition in Germanium}},
  author = {Kresse, G. and Hafner, J.},
  journal = {Phys. Rev. B},
  volume = {49},
  issue = {20},
  pages = {14251--14269},
  numpages = {0},
  year = {1994},
  month = {May},
  publisher = {American Physical Society},
  doi = {10.1103/PhysRevB.49.14251},
  url = {https://link.aps.org/doi/10.1103/PhysRevB.49.14251}
}

@article{ullmann_133,
title = {{Efficiency of {\textit{Ab-Initio}} Total Energy Calculations for Metals and Semiconductors Using a Plane-Wave Basis Set}},
journal = {Comput. Mater. Sci.},
volume = {6},
number = {1},
pages = {15-50},
year = {1996},
issn = {0927-0256},
doi = {https://doi.org/10.1016/0927-0256(96)00008-0},
url = {https://www.sciencedirect.com/science/article/pii/0927025696000080},
author = {G. Kresse and J. Furthmüller},
}

@article{ullmann_134,
  title = {{Efficient Iterative Schemes for {\textit{Ab Initio}} Total-Energy Calculations Using a Plane-Wave Basis Set}},
  author = {Kresse, G. and Furthm\"uller, J.},
  journal = {Phys. Rev. B},
  volume = {54},
  issue = {16},
  pages = {11169--11186},
  numpages = {0},
  year = {1996},
  month = {Oct},
  publisher = {American Physical Society},
  doi = {10.1103/PhysRevB.54.11169},
  url = {https://link.aps.org/doi/10.1103/PhysRevB.54.11169}
}

@article{ullmann_135,
  title = {{From Ultrasoft Pseudopotentials to the Projector Augmented-Wave Method}},
  author = {Kresse, G. and Joubert, D.},
  journal = {Phys. Rev. B},
  volume = {59},
  issue = {3},
  pages = {1758--1775},
  numpages = {0},
  year = {1999},
  month = {Jan},
  publisher = {American Physical Society},
  doi = {10.1103/PhysRevB.59.1758},
  url = {https://link.aps.org/doi/10.1103/PhysRevB.59.1758}
}

@article{ullmann_136,
author = {Grimme,Stefan  and Antony,Jens  and Ehrlich,Stephan  and Krieg,Helge },
title = {{A Consistent and Accurate {\textit{Ab Initio}} Parametrization of Density Functional Dispersion Correction (DFT-D) for the 94 Elements H-Pu}},
journal = {J. Chem. Phys.},
volume = {132},
number = {15},
pages = {154104},
year = {2010},
doi = {10.1063/1.3382344},
URL = {https://doi.org/10.1063/1.3382344},
}

@article{ullmann_137,
author = {Grimme, Stefan and Ehrlich, Stephan and Goerigk, Lars},
title = {{Effect of the Damping Function in Dispersion Corrected Density Functional Theory}},
journal = {J. Comput. Chem.},
volume = {32},
number = {7},
pages = {1456-1465},
keywords = {dispersion energy, density functional theory, noncovalent interactions, van der Waals complexes},
doi = {https://doi.org/10.1002/jcc.21759},
url = {https://onlinelibrary.wiley.com/doi/abs/10.1002/jcc.21759},
year = {2011}
}

@article{ullmann_138,
  title = {{Projector Augmented-Wave Method}},
  author = {Bl\"ochl, P. E.},
  journal = {Phys. Rev. B},
  volume = {50},
  issue = {24},
  pages = {17953--17979},
  numpages = {0},
  year = {1994},
  month = {Dec},
  publisher = {American Physical Society},
  doi = {10.1103/PhysRevB.50.17953},
  url = {https://link.aps.org/doi/10.1103/PhysRevB.50.17953}
}

@article{ullmann_139,
  title = {{Generalized Gradient Approximation Made Simple}},
  author = {Perdew, John P. and Burke, Kieron and Ernzerhof, Matthias},
  journal = {Phys. Rev. Lett.},
  volume = {77},
  issue = {18},
  pages = {3865--3868},
  numpages = {0},
  year = {1996},
  month = {Oct},
  publisher = {American Physical Society},
  doi = {10.1103/PhysRevLett.77.3865},
  url = {https://link.aps.org/doi/10.1103/PhysRevLett.77.3865}
}

@article{ullmann_140,
	doi = {10.1088/1361-648x/aaa8cb},
	url = {https://doi.org/10.1088/1361-648x/aaa8cb},
	year = 2018,
	month = {feb},
	publisher = {{IOP} Publishing},
	volume = {30},
	number = {9},
	pages = {093001},
	author = {Marco Di Giovannantonio and Giorgio Contini},
	title = {{Reversibility and Intermediate Steps as Key Tools for the Growth of Extended Ordered Polymers {\textit{via}} On-Surface Synthesis}},
	journal = {J. Phys.: Condens. Matter},
}

@Article{ullmann_141,
author ="Gutzler, Rico and Cardenas, Luis and Lipton-Duffin, Josh and El Garah, Mohamed and Dinca, Laurentiu E. and Szakacs, Csaba E. and Fu, Chaoying and Gallagher, Mark and Vondráček, Martin and Rybachuk, Maksym and Perepichka, Dmitrii F. and Rosei, Federico",
title  ="Ullmann-Type Coupling of Brominated Tetrathienoanthracene on Copper and Silver",
journal  ="Nanoscale",
year  ="2014",
volume  ="6",
issue  ="5",
pages  ="2660-2668",
publisher  ="The Royal Society of Chemistry",
doi  ="10.1039/C3NR05710K",
url  ="http://dx.doi.org/10.1039/C3NR05710K",
}

@article{ullmann_142,
author = {Chen, Min and Xiao, Jie and Steinrück, Hans-Peter and Wang, Shiyong and Wang, Weihua and Lin, Nian and Hieringer, Wolfgang and Gottfried, J. Michael},
title = {{Combined Photoemission and Scanning Tunneling Microscopy Study of the Surface-Assisted Ullmann Coupling Reaction}},
journal = {J. Phys. Chem. C},
volume = {118},
number = {13},
pages = {6820-6830},
year = {2014},
doi = {10.1021/jp4121468},

URL = { 
        https://doi.org/10.1021/jp4121468
    
},
}

@article{ullmann_143,
author = {Zhou,X.‐L.  and White,J. M. },
title = {{Photon‐ and Electron‐Induced Chemistry of Chlorobenzene on Ag(111)}},
journal = {J. Chem. Phys.},
volume = {92},
number = {9},
pages = {5612-5621},
year = {1990},
doi = {10.1063/1.458493},

URL = { 
        https://doi.org/10.1063/1.458493
    
},
}

}

@article{ullmann_144,
title = {{Selective Bond Breaking of Single Iodobenzene Molecules with a Scanning Tunneling Microscope Tip}},
journal = {Chem. Phys. Lett.},
volume = {370},
number = {3},
pages = {431-436},
year = {2003},
issn = {0009-2614},
doi = {https://doi.org/10.1016/S0009-2614(03)00017-4},
url = {https://www.sciencedirect.com/science/article/pii/S0009261403000174},
author = {Saw-Wai Hla and Gerhard Meyer and Karl-Heinz Rieder},
}

@article{ullmann_145,
journal = {Surf. Sci. Lett.},
title = {A HREELS study of the UV photon-induced chemistry of C$_6$H$_5$Cl adsorbed on Ag\{111\}},
volume = {248},
number = {3},
pages = {L279-L284},
year = {1991},
issn = {0167-2584},
doi = {https://doi.org/10.1016/0167-2584(91)90315-I},
author = {Y. Song and P. Gardner and H. Conrad and A.M. Bradshaw and J.M. White},
}

@article{ullmann_146,
author = {Fan, Qitang and Liu, Liming and Dai, Jingya and Wang, Tao and Ju, Huanxin and Zhao, Jin and Kuttner, Julian and Hilt, Gerhard and Gottfried, J. Michael and Zhu, Junfa},
title = {{Surface Adatom Mediated Structural Transformation in Bromoarene Monolayers: Precursor Phases in Surface Ullmann Reaction}},
journal = {ACS Nano},
volume = {12},
number = {3},
pages = {2267-2274},
year = {2018},
doi = {10.1021/acsnano.7b06787},

URL = { 
        https://doi.org/10.1021/acsnano.7b06787
    
},
}

@article{ullmann_147,
author = {Judd, Chris and Junqueira, Filipe and Haddow, Sarah and Champness, Neil and Duncan, David and Jones, Robert and Saywell, Alex},
year = {2020},
month = {11},
pages = {166},
title = {{Structural Characterisation of Molecular Conformation and the Incorporation of Adatoms in an On-Surface Ullmann-Type Reaction}},
volume = {3},
journal = {Commun. Chem.},
doi = {10.1038/s42004-020-00402-0}
}

@article{ullmann_148,
author = {Galeotti, Gianluca and De Marchi, Fabrizio and Hamzehpoor, Ehsan and MacLean, Oliver D. and Rajeswara Rao, Malakalapalli and Chen, Yuhu and Besteiro, Lucas V. and Dettmann, Dominik and Ferrari, Luisa and Frezza, Federico  and Sheverdyaeva, Polina M. and Liu, R. and Kundu, Asish K. and Moras, Paolo and Ebrahimi, Maryam and M. C. and Gallagher, Federico R. and Perepichka, Dmitrii F.  and Contini, Giorgio},
year = {2020},
month = {08},
pages = {874-880},
title = {{Synthesis of Mesoscale Ordered Two-Dimensional $\pi$-Conjugated Polymers with Semiconducting Properties}},
volume = {19},
journal = {Nat. Mater.},
doi = {10.1038/s41563-020-0682-z},
}

@Article{ullmann_149,
author ="Cui, Daling and Perepichka, Dmitrii F. and MacLeod, Jennifer M. and Rosei, Federico",
title  ="Surface-Confined Single-Layer Covalent Organic Frameworks: Design{,} Synthesis and Application",
journal  ="Chem. Soc. Rev.",
year  ="2020",
volume  ="49",
issue  ="7",
pages  ="2020-2038",
publisher  ="The Royal Society of Chemistry",
doi  ="10.1039/C9CS00456D",
url  ="http://dx.doi.org/10.1039/C9CS00456D",
}

@Article{ullmann_150,
author ="De Marchi, F. and Galeotti, G. and Simenas, M. and Gallagher, M. C. and Hamzehpoor, E. and MacLean, O. and Rao, R. M. and Chen, Y. and Dettmann, D. and Contini, G. and Tornau, E. E. and Ebrahimi, M. and Perepichka, D. F. and Rosei, F.",
title  ="Temperature-Induced Molecular Reorganization on Au(111) Driven by Oligomeric Defects",
journal  ="Nanoscale",
year  ="2019",
volume  ="11",
issue  ="41",
pages  ="19468-19476",
publisher  ="The Royal Society of Chemistry",
doi  ="10.1039/C9NR06117G",
url  ="http://dx.doi.org/10.1039/C9NR06117G",
}

@article{ullmann_151,
author = {Goronzy, Dominic P. and Ebrahimi, Maryam and Rosei, Federico and Arramel and Fang, Yuan and De Feyter, Steven and Tait, Steven L. and Wang, Chen and Beton, Peter H. and Wee, Andrew T. S. and Weiss, Paul S. and Perepichka, Dmitrii F.},
title = {Supramolecular Assemblies on Surfaces: Nanopatterning, Functionality, and Reactivity},
journal = {ACS Nano},
volume = {12},
number = {8},
pages = {7445-7481},
year = {2018},
doi = {10.1021/acsnano.8b03513},
URL = { 
        https://doi.org/10.1021/acsnano.8b03513
},
}

@article{ullmann_152,
   title={Quasi One-Dimensional Band Dispersion and Surface Metallization in Long-Range Ordered Polymeric Wires},
   volume={7},
   ISSN={2041-1723},
   url={http://dx.doi.org/10.1038/ncomms10235},
   DOI={10.1038/ncomms10235},
   number={1},
   journal={Nat. Commun.},
   publisher={Springer Science and Business Media LLC},
   author={Vasseur, Guillaume and Fagot-Revurat, Yannick and Sicot, Muriel and Kierren, Bertrand and Moreau, Luc and Malterre, Daniel and Cardenas, Luis and Galeotti, Gianluca and Lipton-Duffin, Josh and Rosei, Federico and et al.},
   year={2016},
   month={Jan},
   pages={10235},
}


@article{ullmann_153,
	doi = {10.1088/2053-1583/3/2/022001},
	url = {https://doi.org/10.1088/2053-1583/3/2/022001},
	year = 2016,
	month = {apr},
	publisher = {{IOP} Publishing},
	volume = {3},
	number = {2},
	pages = {022001},
	author = {Wenjing Zhang and Qixing Wang and Yu Chen and Zhuo Wang and Andrew T S Wee},
	title = {Van der Waals stacked 2D layered materials for optoelectronics},
	journal = {2D Mater.},
}

@article{Ullmann_154,
author = {Grill, Leonhard and Dyer, Matthew and Lafferentz, Leif and Persson, Mats and Peters, Maike and Hecht, Stefan},
year = {2007},
month = {11},
pages = {687-691},
title = {Nano-architectures by covalent assembly of molecular building blocks},
volume = {2},
journal = {Nat. Nanotechnol.},
doi = {10.1038/nnano.2007.346}
}


@Article{Ullmann_156,
author ="Cardenas, Luis and Gutzler, Rico and Lipton-Duffin, Josh and Fu, Chaoying and Brusso, Jaclyn L. and Dinca, Laurentiu E. and Vondráček, Martin and Fagot-Revurat, Yannick and Malterre, Daniel and Rosei, Federico and Perepichka, Dmitrii F.",
title  ="Synthesis and electronic structure of a two dimensional $\pi$-conjugated polythiophene",
journal  ="Chem. Sci.",
year  ="2013",
volume  ="4",
issue  ="8",
pages  ="3263-3268",
publisher  ="The Royal Society of Chemistry",
doi  ="10.1039/C3SC50800E",
url  ="http://dx.doi.org/10.1039/C3SC50800E",
}

@article{Ullmann_157,
author = {Grossmann, Lukas and King, Benjamin and Reichlmaier, Stefan and Hartmann, Nicolai and Rosén, Johanna and Heckl, Wolfgang and Björk, Jonas and Lackinger, Markus},
year = {2021},
month = {08},
pages = {730-736},
title = {On-surface photopolymerization of two-dimensional polymers ordered on the mesoscale},
volume = {13},
journal = {Nat. Chem.},
doi = {10.1038/s41557-021-00709-y}
}

@article{Ullmann_158,
author = {Xu, Kun and Urgel, José I. and Eimre, Kristjan and Di Giovannantonio, Marco and Keerthi, Ashok and Komber, Hartmut and Wang, Shiyong and Narita, Akimitsu and Berger, Reinhard and Ruffieux, Pascal and Pignedoli, Carlo A. and Liu, Junzhi and Müllen, Klaus and Fasel, Roman and Feng, Xinliang},
title = {On-Surface Synthesis of a Nonplanar Porous Nanographene},
journal = {J. Am. Chem. Soc.},
volume = {141},
number = {19},
pages = {7726-7730},
year = {2019},
doi = {10.1021/jacs.9b03554},
URL = { 
        https://doi.org/10.1021/jacs.9b03554
    
},
}

@Article{Ullmann_159,
author ="Chen, Yao and Zhang, Xiong and Yu, Peng and Ma, Yanwei",
title  ="Stable dispersions of graphene and highly conducting graphene films: a new approach to creating colloids of graphene monolayers",
journal  ="Chem. Commun.",
year  ="2009",
issue  ="30",
pages  ="4527-4529",
publisher  ="The Royal Society of Chemistry",
doi  ="10.1039/B907723E",
url  ="http://dx.doi.org/10.1039/B907723E",}

@Article{Ullmann_160,
author ="Bai, Hua and Xu, Yuxi and Zhao, Lu and Li, Chun and Shi, Gaoquan",
title  ="Non-covalent functionalization of graphene sheets by sulfonated polyaniline",
journal  ="Chem. Commun.",
year  ="2009",
issue  ="13",
pages  ="1667-1669",
publisher  ="The Royal Society of Chemistry",
doi  ="10.1039/B821805F",
url  ="http://dx.doi.org/10.1039/B821805F",
}

@article{Ullmann_161,
author = {Luo, Jiayan and Cote, Laura J. and Tung, Vincent C. and Tan, Alvin T. L. and Goins, Philip E. and Wu, Jinsong and Huang, Jiaxing},
title = {Graphene Oxide Nanocolloids},
journal = {J. Am. Chem. Soc.},
volume = {132},
number = {50},
pages = {17667-17669},
year = {2010},
doi = {10.1021/ja1078943},
URL = { 
        https://doi.org/10.1021/ja1078943
    
},
}

@article{Ullmann_162,
author = {Wang, Hailiang and Robinson, Joshua Tucker and Diankov, Georgi and Dai, Hongjie},
title = {Nanocrystal Growth on Graphene with Various Degrees of Oxidation},
journal = {J. Am. Chem. Soc.},
volume = {132},
number = {10},
pages = {3270-3271},
year = {2010},
doi = {10.1021/ja100329d},
URL = { 
        https://doi.org/10.1021/ja100329d
    
},
}

@article{Ullmann_163,
author = {Bhardwaj, Tarun and Antic, Aleks and Pavan, Barbara and Barone, Veronica and Fahlman, Bradley D.},
title = {Enhanced Electrochemical Lithium Storage by Graphene Nanoribbons},
journal = {J. Am. Chem. Soc.},
volume = {132},
number = {36},
pages = {12556-12558},
year = {2010},
doi = {10.1021/ja106162f},
URL = { 
        https://doi.org/10.1021/ja106162f
    
},
}

@article{Ullmann_164,
author = {Du, Aijun and Zhu, Zhonghua and Smith, Sean C.},
title = {Multifunctional Porous Graphene for Nanoelectronics and Hydrogen Storage: New Properties Revealed by First Principle Calculations},
journal = {J. Am. Chem. Soc.},
volume = {132},
number = {9},
pages = {2876-2877},
year = {2010},
doi = {10.1021/ja100156d},
URL = { 
        https://doi.org/10.1021/ja100156d
    
},
}

@article{Ullmann_165,
author = {Han, Patrick and Mantooth, Brent A. and Sykes, E. Charles H. and Donhauser, Zachary J. and Weiss, Paul S.},
title = {Benzene on Au(111) at \SI{4}{\kelvin}: Monolayer Growth and Tip-Induced Molecular Cascades},
journal = {J. Am. Chem. Soc.},
volume = {126},
number = {34},
pages = {10787-10793},
year = {2004},
doi = {10.1021/ja049113z},
URL = { 
        https://doi.org/10.1021/ja049113z
    
},
}

@article{Ullmann_166,
author = {Dameron, Arrelaine A. and Charles, Lyndon F. and Weiss, Paul S.},
title = {Structures and Displacement of 1-Adamantanethiol Self-Assembled Monolayers on Au{111}},
journal = {J. Am. Chem. Soc.},
volume = {127},
number = {24},
pages = {8697-8704},
year = {2005},
doi = {10.1021/ja042621o},
URL = { 
        https://doi.org/10.1021/ja042621o
    
},
}

@article{Ullmann_167,
  title = {Inducing All Steps of a Chemical Reaction with the Scanning Tunneling Microscope Tip: Towards Single Molecule Engineering},
  author = {Hla, Saw-Wai and Bartels, Ludwig and Meyer, Gerhard and Rieder, Karl-Heinz},
  journal = {Phys. Rev. Lett.},
  volume = {85},
  issue = {13},
  pages = {2777--2780},
  numpages = {0},
  year = {2000},
  month = {Sep},
  publisher = {American Physical Society},
  doi = {10.1103/PhysRevLett.85.2777},
  url = {https://link.aps.org/doi/10.1103/PhysRevLett.85.2777}
}

@article{ullmann_168,
author = {Peyrot, David and Silly, Fabien},
title = {On-Surface Synthesis of Two-Dimensional Covalent Organic Structures versus Halogen-Bonded Self-Assembly: Competing Formation of Organic Nanoarchitectures},
journal = {ACS Nano},
volume = {10},
number = {5},
pages = {5490-5498},
year = {2016},
doi = {10.1021/acsnano.6b01938},
URL = { 
        https://doi.org/10.1021/acsnano.6b01938
    
},
}


@article{Ullmann_169,
author = {Di Giovannantonio, Marco and Deniz, Okan and Urgel, José I. and Widmer, Roland and Dienel, Thomas and Stolz, Samuel and Sánchez-Sánchez, Carlos and Muntwiler, Matthias and Dumslaff, Tim and Berger, Reinhard and Narita, Akimitsu and Feng, Xinliang and Müllen, Klaus and Ruffieux, Pascal and Fasel, Roman},
title = {On-Surface Growth Dynamics of Graphene Nanoribbons: The Role of Halogen Functionalization},
journal = {ACS Nano},
volume = {12},
number = {1},
pages = {74-81},
year = {2018},
doi = {10.1021/acsnano.7b07077},
URL = { 
        https://doi.org/10.1021/acsnano.7b07077
    
},
}

@article{ullmann_170,
author = {Kawai, Shigeki and Sadeghi, Ali and Okamoto, Toshihiro and Mitsui, Chikahiko and Pawlak, Rémy and Meier, Tobias and Takeya, Jun and Goedecker, Stefan and Meyer, Ernst},
title = {Organometallic Bonding in an Ullmann-Type On-Surface Chemical Reaction Studied by High-Resolution Atomic Force Microscopy},
journal = {Small},
volume = {12},
number = {38},
pages = {5303-5311},
keywords = {atomic force microscopy, density functional theory calculations, on-surface chemical reaction, organometallic bond},
doi = {https://doi.org/10.1002/smll.201601216},
url = {https://onlinelibrary.wiley.com/doi/abs/10.1002/smll.201601216},
eprint = {https://onlinelibrary.wiley.com/doi/pdf/10.1002/smll.201601216},
year = {2016}
}


@article{ullmann_172,
      title={Partition function of 1-, 2-, and 3-D monatomic ideal gas: A simple and comprehensive review}, 
      author={Siti Nurul Khotimah and Sparisoma Viridi},
      year={2011},
      pages={15-18},
      journal={arXiv.org, e-Print Arch., Phys.},
      eprint={1106.1273},
      archivePrefix={arXiv},
      primaryClass={physics.pop-ph},
      doi = {}
}

@article{ullmann_173,
author = {Hu, Jinping and Hu, Jinbang and Wang, Hongbing and Shen, Kongchao and Zhang, Huan and Huang, Chaoqin and Xie, Lei and Tian, Qiwei and Huang, Han and Jiang, Zheng and Song, Fei},
year = {2021},
month = {02},
pages = {3414},
title = {Initiating Ullmann-like coupling of Br$_2$Py by a semimetal surface},
volume = {11},
journal = {Sci. Rep.},
doi = {10.1038/s41598-021-82973-z}
}

@book{ullmann_174,
  title={An Introduction to Statistical Thermodynamics},
  author={Hill, T.L.},
  isbn={9780486652429},
  lccn={lc86013468},
  series={Addison-Wesley series in chemistry},
  url={https://books.google.ca/books?id=pX4yxOHnWg8C},
  year={1986},
  publisher={Dover Publications}
}

@article{ullmann_175,
title = {Step and island dynamics at solid/vacuum and solid/liquid interfaces},
journal = "Prog. Surf. Sci.",
volume = {68},
number = {1},
pages = {1-154},
year = {2001},
issn = {0079-6816},
doi = {https://doi.org/10.1016/S0079-6816(00)00021-6},
url = {https://www.sciencedirect.com/science/article/pii/S0079681600000216},
author = {Margret Giesen},
}





@article{sur_sci01,
title ={Iodobenzene on Cu(111): Formation and Coupling of Adsorbed Phenyl Groups},
journal = "Surf. Sci.",
volume = "278",
number = "1",
pages = "19-32",
year = "1992",
issn = "0039-6028",
doi = "https://doi.org/10.1016/0039-6028(92)90580-Y",
url = {https://doi.org/10.1016/0039-6028(92)90580-Y},
author = "Ming Xi and Brian E. Bent"
}

@article{jacs01,
author = {McCarty, Gregory S. and Weiss, Paul S.},
title = {{Formation and Manipulation of Protopolymer Chains}},
journal = {J. Am. Chem. Soc.},
volume = {126},
number = {51},
pages = {16772-16776},
year = {2004},
doi = {10.1021/ja038930g},
URL = {https://doi.org/10.1021/ja038930g}
}

@article{chemeurope2017,
author = {Barton, Dennis and Gao, Hong-Ying and Held, Philipp Alexander and Studer, Armido and Fuchs, Harald and Doltsinis, Nikos L. and Neugebauer, Johannes},
title = {{Formation of Organometallic Intermediate States in On-Surface Ullmann Couplings}},
journal = {Chem. - Eur. J.},
volume = {23},
number = {25},
pages = {6190-6197},
keywords = {coinage metals, density funtional calculations, surface analysis, Ullmann coupling},
doi = {10.1002/chem.201605802},
url = {https://onlinelibrary.wiley.com/doi/abs/10.1002/chem.201605802},
year = {2017}
}

@article{acsnano2017,
author = {Zint, Sören and Ebeling, Daniel and Schlöder, Tobias and Ahles, Sebastian and Mollenhauer, Doreen and Wegner, Hermann A. and Schirmeisen, André},
title = {{Imaging Successive Intermediate States of the On-Surface Ullmann Reaction on Cu(111): Role of the Metal Coordination}},
journal = {ACS Nano},
volume = {11},
number = {4},
pages = {4183-4190},
year = {2017},
doi = {10.1021/acsnano.7b01109},

URL = { 
        https://doi.org/10.1021/acsnano.7b01109
    
},
}

@article{jpcc2018,
author = {Nagoya, Akihiro and Tetsuka, Hiroyuki and Ohba, Nobuko},
title = {{Mechanisms of Covalent Coupling Reaction of Dibromofluoranthene on Au(111)}},
journal = {J. Phys. Chem. C},
volume = {122},
number = {31},
pages = {17756-17763},
year = {2018},
doi = {10.1021/acs.jpcc.8b03730},
URL = {https://doi.org/10.1021/acs.jpcc.8b03730},
}


@article{acsnano2019,
author = {Ebeling, Daniel and Zhong, Qigang and Schlöder, Tobias and Tschakert, Jalmar and Henkel, Pascal and Ahles, Sebastian and Chi, Lifeng and Mollenhauer, Doreen and Wegner, Hermann A. and Schirmeisen, André},
title = {{Adsorption Structure of Mono- and Diradicals on a Cu(111) Surface: Chemoselective Dehalogenation of 4-Bromo-3"-Iodo-P-Terphenyl}},
journal = {ACS Nano},
volume = {13},
number = {1},
pages = {324-336},
year = {2019},
doi = {10.1021/acsnano.8b06283},
URL = {https://doi.org/10.1021/acsnano.8b06283}
}

@article{pccp2010,
author = {Nguyen, Manh-Thuong and Pignedoli, Carlo A. and Passerone, Daniele},
title = {{An {\textit{Ab Initio}} Insight into the Cu(111)-Mediated Ullmann Reaction}},
journal = {Phys. Chem. Chem. Phys.},
year = {2011},
volume = {13},
issue = {1},
pages = {154-160},
publisher = {The Royal Society of Chemistry},
doi = {10.1039/C0CP00759E},
url = {http://dx.doi.org/10.1039/C0CP00759E}
}

@article{chematerial2019,
author = {Moreno-López, Juan Carlos and Mowbray, Duncan John and Pérez Paz, Alejandro and de Campos Ferreira, Rodrigo Cezar and Ceccatto dos Santos, Alisson and Ayala, Paola and de Siervo, Abner},
title = {{Roles of Precursor Conformation and Adatoms in Ullmann Coupling: An Inverted Porphyrin on Cu(111)}},
journal = {Chem. Mater.},
volume = {31},
number = {8},
pages = {3009-3017},
year = {2019},
doi = {10.1021/acs.chemmater.9b00668},
URL = { https://doi.org/10.1021/acs.chemmater.9b00668},
}

@article{jacs2013,
author = {Björk, Jonas and Hanke, Felix and Stafström, Sven},
title = {{Mechanisms of Halogen-Based Covalent Self-Assembly on Metal Surfaces}},
journal = {J. Am. Chem. Soc.},
volume = {135},
number = {15},
pages = {5768-5775},
year = {2013},
doi = {10.1021/ja400304b},
URL = {https://doi.org/10.1021/ja400304b},
}

@article{Arpc1982,
author = {McMillen, D F and Golden, D M},
title = {{Hydrocarbon Bond Dissociation Energies}},
journal = {Annu. Rev. Phys. Chem.},
volume = {33},
number = {1},
pages = {493-532},
year = {1982},
doi = {10.1146/annurev.pc.33.100182.002425},
URL = {https://doi.org/10.1146/annurev.pc.33.100182.002425}
}

@article{doi:10.1021/ja0276321,
author = {Abernethy, Colin D. and Codd, Gareth M. and Spicer, Mark D. and Taylor, Michelle K.},
title = {{A Highly Stable N-Heterocyclic Carbene Complex of Trichloro-Oxo-Vanadium(V) Displaying Novel Cl−Ccarbene Bonding Interactions}},
journal = {J. Am. Chem. Soc.},
volume = {125},
number = {5},
pages = {1128-1129},
year = {2003},
doi = {10.1021/ja0276321},
URL = {https://doi.org/10.1021/ja0276321}
}

@article{sur_sci02,
title = {{Thermal and Photon-Stimulated Reactions of Iodobenzene on Ag(111)}},
journal = "Surf. Sci.",
volume = "399",
number = "2",
pages = "305-315",
year = "1998",
issn = "0039-6028",
doi = "https://doi.org/10.1016/S0039-6028(97)00834-0",
url = "http://www.sciencedirect.com/science/article/pii/S0039602897008340",
author = "G.J. Szulczewski and J.M. White"
}

@article{sur_sci03,
title = {{Adsorption of Iodobenzene (C$_6$H$_5$I) on Au(111) Surfaces and Production of Biphenyl (C$_6$H$_5$–C$_6$H$_5$)}},
journal = "Surf. Sci.",
volume = "490",
number = "3",
pages = "265 - 273",
year = "2001",
issn = "0039-6028",
doi = "https://doi.org/10.1016/S0039-6028(01)01319-X",
url = "http://www.sciencedirect.com/science/article/pii/S003960280101319X",
author = "Denis Syomin and Bruce E Koel"
}

@article{langm01,
author = {Weiss, P. S. and Kamna, M. M. and Graham, T. M. and Stranick, S. J.},
title = {{Imaging Benzene Molecules and Phenyl Radicals on Cu{111}}},
journal = {Langmuir},
volume = {14},
number = {6},
pages = {1284-1289},
year = {1998},
doi = {10.1021/la970736i},
URL = {https://doi.org/10.1021/la970736i}
}

@article{jacs2011,
author = {Wang, Weihua and Shi, Xingqiang and Wang, Shiyong and Van Hove, Michel A. and Lin, Nian},
title = {{Single-Molecule Resolution of an Organometallic Intermediate in a Surface-Supported Ullmann Coupling Reaction}},
journal = {J. Am. Chem. Soc.},
volume = {133},
number = {34},
pages = {13264-13267},
year = {2011},
doi = {10.1021/ja204956b},
URL = {https://doi.org/10.1021/ja204956b}
}

@Article{PCCP2012,
author ="Chung, Kyung-Hoon and Koo, Bon-Gil and Kim, Howon and Yoon, Jong Keon and Kim, Ji-Hoon and Kwon, Young-Kyun and Kahng, Se-Jong",
title  ={Electronic Structures of One-Dimensional Metal–Molecule Hybrid Chains Studied Using Scanning Tunneling Microscopy and Density Functional Theory},
journal  ="Phys. Chem. Chem. Phys.",
year  ="2012",
volume  ="14",
issue  ="20",
pages  ="7304-7308",
publisher  ="The Royal Society of Chemistry",
doi  ="10.1039/C2CP23295B",
url  ="http://dx.doi.org/10.1039/C2CP23295B"
}

@article{Naturenano2007,
  title={Nano-Architectures by Covalent Assembly of Molecular Building Blocks},
  author={Leonhard Grill and Matthew Dyer and Leif Lafferentz and Mats Persson and Maike V. Peters and Stefan Hecht},
  journal={Nat. Nanotechnol.},
  year={2007},
  volume={2},
  pages={687-91},
  doi  ={10.1038/nnano.2007.346},
  url = {https://doi.org/10.1038/nnano.2007.346}
}

@article{jacs2016,
author = {Di Giovannantonio, Marco and Tomellini, Massimo and Lipton-Duffin, Josh and Galeotti, Gianluca and Ebrahimi, Maryam and Cossaro, Albano and Verdini, Alberto and Kharche, Neerav and Meunier, Vincent and Vasseur, Guillaume and Fagot-Revurat, Yannick and Perepichka, Dmitrii F. and Rosei, Federico and Contini, Giorgio},
title = {{Mechanistic Picture and Kinetic Analysis of Surface-Confined Ullmann Polymerization}},
journal = {J. Am. Chem. Soc.},
volume = {138},
number = {51},
pages = {16696-16702},
year = {2016},
doi = {10.1021/jacs.6b09728},
URL = {https://doi.org/10.1021/jacs.6b09728},
}

@article{acsnano2013,
author = {Di Giovannantonio, Marco and El Garah, Mohamed and Lipton-Duffin, Josh and Meunier, Vincent and Cardenas, Luis and Fagot Revurat, Yannick and Cossaro, Albano and Verdini, Alberto and Perepichka, Dmitrii F. and Rosei, Federico and Contini, Giorgio},
title = {{Insight into Organometallic Intermediate and Its Evolution to Covalent Bonding in Surface-Confined Ullmann Polymerization}},
journal = {ACS Nano},
volume = {7},
number = {9},
pages = {8190-8198},
year = {2013},
doi = {10.1021/nn4035684},
URL = {https://doi.org/10.1021/nn4035684},
}

@article{lin2005two,
author = {Lin, Nian and Payer, Dietmar and Dmitriev, Alexandre and Strunskus, Thomas and Wöll, Christof and Barth, Johannes V. and Kern, Klaus},
title = {Two-Dimensional Adatom Gas Bestowing Dynamic Heterogeneity on Surfaces},
journal = {Angew. Chem. Int. Ed.},
volume = {44},
number = {10},
pages = {1488-1491},
keywords = {heterogeneous catalysis, hydrogen bonds, photoelectron spectroscopy, scanning probe microscopy, surface reactions},
doi = {https://doi.org/10.1002/anie.200461390},
url = {https://onlinelibrary.wiley.com/doi/abs/10.1002/anie.200461390},
eprint = {https://onlinelibrary.wiley.com/doi/pdf/10.1002/anie.200461390},
year = {2005}
}

